2950 4820
608 231 786 298 ..61-

185 397 227 450 cx
245 397 346 469 prava
358 375 569 448 aemulatione
587 375 729 446 oonllata
748 380 800 443 est
816 391 902 464 gens
918 369 1087 463 lipsiam,
1107 373 1214 446 invito

183 499 388 591 rpsoLipsio‚
403 499 460 591 qui
474 498 562 569 illios
571 495 752 569 reconditae
765 493 1026 585 etimperatoriae
1040 494 1213 570 latinitatis

183 641 334 706 usuram,
350 620 444 712 quasi
462 619 524 690 sibl
537 618 718 710 propriam,
738 635 802 686 nec
814 613 888 687 allis
906 613 1117 701 tentandam,
1136 617 1213 688 vin-

183 743 321 814 dicaret.
349 743 451 836 Hujus
473 751 589 815 autem
615 739 748 811 alterius
771 739 922 810 factionis
943 759 1021 810 mox
1041 739 1087 810 ita
1107 739 1215 810 crevit

183 867 398 956 superbiant
409 883 575 936 summum
588 861 787 954 eloquentia
798 879 939 953 regnum
952 869 1141 954 usurparet,
1150 881 1214 932 nec

179 983 250 1076 jam
264 988 370 1059 solum
388 986 556 1058 Bataviam
571 993 607 1056 et
619 983 851 1074 Germaniam,
869 988 926 1057 sed
941 985 1079 1058 Galliam
1102 994 1136 1056 et
1150 985 1214 1056 lta·

184 1106 262 1178 liam
277 1111 397 1202 ipsam,
418 1107 685 1200 antiquissimam
700 1106 940 1197 elegantiarum
955 1109 1069 1184 sedem
1085 1129 1126 1180 ac
1143 1129 1216 1206 ma-

184 1225 670 1320 gistrum,inliceretcontagio.

234 1347 384 1421 XXVlll.
402 1347 565 1442 -Cujus
582 1350 685 1442 pestis
714 1348 906 1422 refellenda
936 1347 1140 1439 provinciam
1157 1345 1214 1446 (l)

186 1471 331 1561 suscepit
348 1470 434 1541 inter
451 1471 575 1562 primos
594 1471 759 1543 Henricus
774 1470 973 1563 Stephanus.
999 1467 1091 1540 ldem
1112 1469 1216 1562 igitur

185 1589 254 1677 ille,
280 1593 336 1682 qui
358 1592 428 1684 jam
445 1582 677 1664 antca'contra
698 1592 888 1684 Hispanicae
908 1590 1079 1662 etltalicae
1093 1591 1214 1683 linguae

184 1710 444 1785 dominationem
470 1713 586 1786 Gallici
612 1715 777 1786 sermonis
803 1713 995 1806 dignitatem
1019 1715 1121 1785 tuitus
1137 1713 1216 1784 lue-

185 1843 238 1904 rat
254 1830 323 1931 (2),
342 1837 449 1926 quiin
468 1835 595 1910 Pseudo
621 1837 774 1910 Cicerone
799 1834 928 1930 dialopo
942 1834 998 1933 (5)
1015 1845 1049 1907 et
1074 1835 1108 1906 in
1134 1836 1216 1906 libro

64 2000 66 2005 -
187 1953 230 2024 de
247 1953 423 2027 Latinitate
436 1953 521 2046 salso
539 1966 691 2053 respecta
705 1953 776 2053 (d),
793 1978 911 2028 verum
930 1957 1129 2049 eloquentiae
1146 1957 1215 2026 Ro-

187 2074 360 2166 manaejus
374 2096 414 2147 ac
429 2079 511 2148 lines
529 2079 760 2171 descripserat,
780 2079 951 2171 utriusque
968 2079 1217 2171 linguaepatno·

187 2216 253 2266 nus
267 2217 307 2267 ac
324 2198 525 2288 moderator,
545 2200 625 2272 istos
642 2201 825 2293 antiquarii
842 2202 1003 2272 sermonis
1022 2199 1216 2271 amantissi-

187 2338 272 2404 mos,
287 2327 321 2390 et
335 2321 466 2392 muudae
479 2342 518 2392 ac
533 2323 682 2396 candidae
692 2323 862 2395 latinitatis
871 2329 1129 2416 contemptoreS,
1142 2343 1217 2393 am-

186 2437 336 2528 plissimo
363 2441 507 2531 quodam
540 2444 707 2515 volumine
742 2444 911 2516 confutare
944 2465 1125 2536 aggressus
1149 2451 1213 2513 est.

187 2557 327 2643 Verum,
344 2567 381 2629 ut
396 2580 495 2631 omne
516 2561 650 2633 invidiae
674 2563 801 2635 crimen
829 2565 929 2655 louge
944 2586 962 2635 a
978 2585 1015 2635 se
1030 2570 1215 2648 amoveret,

189 2701 256 2772 qua
282 2689 393 2752 mente
422 2683 611 2775 scripsisset
629 2667 815 2770 admonuit,
832 2685 898 2756 hoc
925 2687 1031 2777 posito
1056 2685 1090 2755 in
1110 2685 1218 2776 prima

189 2799 262 2871 libri
275 2801 380 2874 fronte
389 2801 481 2874 titulo
498 2825 506 2874 :
532 2831 548 2868 u
564 2806 616 2876 De
630 2803 733 2900 lipsii
746 2803 910 2876 latinitate
929 2803 983 2900 (at
994 2803 1124 2900 ipsimet
1136 2800 1220 2876 anti·

190 3140 263 3276 1¹tl)
277 3141 330 3279 <lotz
343 3141 499 3296 )Stepluane‚
520 3143 676 3218 Stephane,
700 3142 873 3218 provinciam
887 3144 985 3218 cepisti
1003 3145 1104 3202 duram
1115 3145 1148 3197 to
1164 3144 1221 3214 (De

212 3238 266 3294 rps.
302 3241 364 3282 a..

226 3304 264 3375 (2)
278 3305 315 3361 ln
328 3306 402 3364 libro
412 3307 453 3365 lle
466 3309 492 3364 la
504 3308 681 3366 Prtoellcnce
692 3309 732 3365 du
740 3309 859 3382 langage
872 3307 1002 3382 iranpois.
1010 3307 1048 3364 V.
1061 3307 1128 3365 edit.
1146 3306 1221 3364 Fou-

191 3386 356 3540 gblllld'li
376 3471 434 3528 clu
448 3472 501 3530 hoc
511 3488 567 3528 non
580 3475 671 3532 solum
685 3475 720 3530 de
734 3474 831 3532 multis
850 3475 885 3532 ad
908 3473 1048 3533 Ciceronis
1062 3489 1221 3532 sermonem

191 3555 408 3628 pertinentibus,
420 3554 564 3614 sedetiam
575 3573 659 3630 quem
672 3559 811 3616 delectum
823 3557 980 3615 editionum
995 3557 1181 3630 sinehabere,
1193 3561 1223 3614 et

192 3655 278 3780 {putam
304 3639 463 3697 cautionem
482 3639 514 3698 in
528 3654 561 3697 co
584 3640 704 3714 legendo
726 3643 827 3701 debeat
846 3640 995 3710 adhibere,
1014 3641 1101 3701 lector
1122 3657 1223 3700 mone·

213 3741 222 3780 ι
235 3740 279 3781 ur.
293 3744 309 3778 a

229 3805 355 3879 (tiron.
386 3891 388 3898 y

345 3969 412 4020 Tune
421 3970 512 4034 pudore
525 3977 606 4034 taces,
617 3982 676 4034 quus
683 3970 800 4021 barbarus
811 3983 863 4022 esse
873 3971 981 4022 termiat

354 4105 358 4116 ¹
376 4043 435 4106 Eia,
445 4051 535 4096 metum
545 4051 570 4094 et
579 4045 687 4109 linguam
698 4045 780 4109 eolre,
791 4045 889 4096 munos
901 4047 960 4097 eris.
