2950 4820
679 227 858 296 ..40-

254 377 382 466 potest,
411 387 489 440 eum
513 366 554 439 de
582 388 619 439 se
642 370 715 460 ipso
744 369 806 440 bos
835 365 1030 460 magnificos
1058 384 1176 437 versus
1207 365 1283 436 odi-

254 493 339 564 derit
356 513 364 562 :

360 659 415 718 llic
429 664 471 717 eat
483 658 607 732 Scaliger
619 658 764 732 illaquam
776 656 904 716 solebant
914 654 951 728 (l)

359 744 484 802 Armate
497 741 592 815 lugere
603 747 630 800 et
644 741 743 799 timere
755 743 869 799 turma!

303 897 352 967 lle
369 896 433 966 boo
448 915 528 967 vero
543 893 623 966 satis
637 893 775 966 dictum.

303 1017 371 1088 lles
387 1018 487 1109 igitur
501 1014 669 1108 Scaligero
684 1015 769 1086 male
783 1023 949 1103 cesserat,
966 1033 1072 1106 quum
1090 1012 1169 1084 hino
1182 1011 1286 1083 lalsus

257 1137 412 1210 orationis
441 1148 555 1210 auctor
579 1137 771 1223 baberetur,
798 1137 874 1206 inde
901 1143 1016 1208 autem
1044 1134 1222 1206 Erasmum
1249 1132 1285 1204 in

257 1262 364 1334 aciem
379 1263 509 1334 trahere
526 1282 591 1332 non
609 1260 782 1331 valuisset.
800 1258 865 1330 Sed
879 1278 944 1329 non
963 1259 992 1330 is
1010 1268 1083 1330 erat
1097 1257 1152 1349 qui
1171 1256 1213 1327 ab
1230 1256 1286 1326 iu-

258 1383 438 1455 sectatione
452 1379 547 1453 1110110
564 1391 772 1455 avocaretur.
797 1379 868 1466 Quo
884 1381 992 1472 magis
1004 1381 1058 1452 ille
1073 1379 1203 1451 silentio
1214 1399 1287 1471 per·

259 1505 379 1590 stabat,
404 1524 445 1576 eo
471 1505 579 1576 acrius
595 1505 651 1576 bic
667 1525 804 1596 urgere,
830 1505 1005 1589 lacessere,
1023 1503 1190 1586 mordere,
1210 1501 1288 1592 epl-

259 1636 446 1719 grammata
466 1627 618 1719 jaculari,
642 1627 739 1698 aliam
754 1627 937 1701 orationem
954 1625 1060 1697 moliri
1078 1621 1148 1720 (2),
1167 1622 1290 1695 coelum

261 1757 295 1818 et
311 1756 417 1820 terras
438 1751 594 1836 miscere,
618 1749 743 1821 crebris
767 1749 865 1819 simul
882 1757 917 1819 et
934 1747 1099 1820 bellicosis
1128 1745 1290 1840 epistolis,

260 1891 344 1964 quas
370 1881 486 1964 postea
503 1872 648 1966 undique
676 1891 796 1964 magno
822 1872 928 1964 pretio
951 1870 1104 1942 collectas
1121 1870 1207 1940 lilius
1231 1867 1295 1961 piis

262 1992 406 2062 flammis
417 1993 502 2064 tradi
517 1995 658 2079 curavit,
674 2015 792 2065 ornnes
802 1993 1036 2064 Parisiensium
1048 1991 1297 2083 gymnasiorum

261 2114 435 2206 praesides,
456 2113 606 2188 doctores
630 2122 664 2185 et
688 2115 866 2207 discipulos
883 2117 915 2186 in
938 2134 1150 2188 communem
1168 2112 1297 2203 Reipu-

261 2234 360 2306 blicae
386 2235 515 2307 bostem
540 2239 691 2324 incitare,
719 2249 772 2324 et,
793 2237 921 2309 sublato
940 2236 1110 2307 Ciceronis
1127 2235 1239 2326 signo,
1256 2232 1299 2303 ad

265 2377 399 2429 sacrum
419 2357 544 2430 bellum
566 2380 760 2450 provocare.
782 2359 869 2430 Nihil
886 2379 968 2432 sane
988 2357 1171 2452 excogitari
1186 2362 1299 2450 potest

264 2481 463 2572 singularius
476 2489 532 2554 aut
554 2482 662 2574 magis
672 2486 740 2554 risu
750 2482 889 2574 dignum
905 2482 960 2554 illo
974 2483 1075 2554 animi
1090 2492 1123 2553 et
1140 2481 1299 2572 eloquen-

263 2605 321 2674 tiae
334 2613 433 2694 aestu,
446 2625 512 2698 quo
524 2613 595 2676 tum
609 2605 776 2676 universae
790 2605 971 2676 academiae
982 2602 1176 2675 Parisiensis
1190 2609 1300 2672 recto·

264 2744 335 2795 rem
355 2726 391 2795 in
408 2734 521 2817 partes
539 2749 618 2799 suas
641 2726 772 2799 trabere
790 2723 857 2822 (5),
877 2736 946 2798 tum
967 2725 1090 2797 Natalis
1101 2722 1202 2794 Bedae
1220 2741 1294 2791 me·

264 2865 372 2918 mores
384 2848 618 2922 irassnscitare
629 2847 707 2946 (d);
725 2859 794 2920 tum
803 2847 1036 2931 navarrensis,
1046 2842 1294 2928 Montis-Acuti,

300 3099 337 3169 (l)
348 3099 407 3157 Jul.
423 3101 492 3159 Caes.
507 3101 580 3160 Soal.
595 3103 746 3177 Epigram.

301 3183 338 3254 (2)
348 3205 364 3237 <a
374 3184 499 3260 Scaliger
512 3188 630 3244 Lutetia
641 3187 729 3245 edidit
739 3187 846 3262 aliquot
859 3187 959 3244 selecta
970 3202 985 3243 e
995 3185 1087 3244 tribus
1101 3185 1227 3243 millibus
1238 3182 1298 3257 epi-

265 3277 431 3342 grammata.
446 3271 618 3329 Praelaturin
631 3273 675 3330 bis
688 3273 759 3331 nibil
771 3288 830 3330 esse
845 3270 938 3328 dentis
952 3270 1026 3345 quod
1043 3270 1192 3345 ingenium
1208 3268 1298 3343 ipsius

265 3355 375 3427 semper
387 3355 565 3414 abhorruerit
575 3357 610 3413 ab
624 3357 703 3415 omni
716 3355 909 3414 mordacitate.
923 3354 1072 3428 Exspectat
1089 3352 1299 3423 responsionem

264 3448 373 3508 meam,
388 3443 487 3512 etjam
502 3446 614 3512 parauit
632 3445 715 3498 attam
734 3447 917 3499 orationem.»
936 3442 1056 3514 (Erarm.
1072 3439 1161 3513 Epist.
1175 3436 1299 3495 Roberto

264 3515 363 3590 Vigilo
375 3521 525 3580 Zuicbamo
540 3524 667 3599 Pbrysio.
682 3524 774 3596 15³3.)

302 3604 339 3674 (3)
354 3625 370 3656 a
381 3605 515 3665 Erasmus
524 3609 661 3666 convertit
669 3611 890 3668 tumultuantem
903 3609 997 3668 adbuc
1008 3608 1115 3666 rabiem
1130 3607 1160 3664 iu
1173 3611 1237 3662 tuos
1247 3602 1301 3660 mi·

264 3685 339 3752 lites,
350 3695 378 3744 et
390 3707 464 3748 nunc
478 3693 600 3751 inlandis
620 3694 826 3768 colloquiorum
844 3697 1020 3767 argumentis
1045 3690 1204 3758 lacerando,
1224 3704 1301 3745 nunc

266 3769 391 3843 epistolis
405 3773 579 3842 lacessendo,
594 3794 670 3836 nunc
679 3779 783 3852 ineptis
795 3780 884 3836 titulis
897 3779 1060 3838 insectando
1072 3782 1161 3833 totam
1176 3771 1301 3832 Parisio-

266 3858 528 3996 rungfflacademiam
540 3860 680 3919 vexavit.»
691 3863 838 3932 (Amoenlt.
858 3863 1000 3922 litterariae
1014 3863 1192 3935 Schelborn.,
1209 3867 1231 3922 t.
1247 3862 1301 3932 Vl,

302 4021 339 4093 (l)
354 4025 527 4085 «Parianim
539 4027 781 4104 insolentiamque
792 4031 947 4105 petulantia
958 4031 1049 4088 iuuere
1061 4046 1141 4090 orsus
1154 4034 1196 4089 art
1207 4027 1304 4100 (Erar-
