2950 4820
600 349 642 362 ..
666 318 708 386 53
734 349 774 362 ..

220 455 325 527 XXV.
347 493 395 506 -
411 453 481 526 Hoc
499 454 601 545 igitur
624 456 726 528 altero
745 454 831 527 hello
854 463 1055 546 provocato,
1081 456 1195 541 iidem,

172 577 229 670 qui
246 575 478 665 Aristotelicee,
499 573 727 647 Ciceronianae
750 597 883 668 quoque
902 574 1071 667 dignitatis
1093 558 1201 647 satel-

171 699 246 771 lites
269 699 436 769 obstitere.
461 697 666 790 intorques
691 705 811 788 praeter
831 695 1038 767 Gallandium
1062 705 1095 767 et
1118 695 1204 767 Car·

172 821 383 913 pentarium,
402 819 561 903 assiduos
578 818 672 888 Remi
689 817 906 891 insectatores
924 827 958 889 et
978 817 1202 888 ferocissimos

172 943 328 1016 Sorbonae
342 953 489 1016 rectores
501 963 539 1011 ac
552 951 729 1033 tyrannos,
747 939 900 1031 inprime
915 940 1048 1032 agmine
1064 939 1205 1010 eminuit

171 1060 405 1134 Benedictinus
431 1058 566 1151 quidam
588 1049 870 1140 Cormeraoensis‚
894 1057 1100 1128 scholastica
1120 1057 1202 1148 phi-

171 1181 330 1273 losophiae
356 1199 479 1272 preco,
500 1177 671 1249 latinitatis
692 1177 792 1248 decus
809 1197 849 1247 ac
871 1178 1047 1261 columen,
1073 1177 1205 1248 loeebi-

172 1323 248 1373 mus
273 1301 443 1373 Perionius
460 1297 527 1398 (l).
563 1299 636 1388 llle,
658 1299 814 1391 Scaligeri
835 1299 989 1385 aemulus,
1018 1300 1202 1391 longiorem

174 1421 350 1514 quamdam
370 1431 404 1494 et
430 1421 713 1514 indignabundam
747 1421 905 1512 belligero
935 1420 1055 1491 scrinio
1088 1419 1205 1491 eduxit

174 1546 368 1617 orationem.
393 1543 497 1636 Cujus
522 1545 556 1614 in
580 1543 716 1616 exordio
737 1543 835 1615 docet
853 1564 921 1635 quo
939 1542 1086 1635 ejusdem
1105 1543 1204 1614 olhcii

172 1687 213 1737 ac
238 1667 370 1759 pietatis
394 1675 508 1738 tenore
544 1664 755 1736 Aristotelem
786 1666 884 1736 simul
917 1665 1201 1757 Ciceronemque,

171 1786 272 1858 ambo
284 1789 347 1858 ista
358 1787 521 1858 bonarum
535 1788 655 1858 ortium
670 1785 805 1872 lumina,
823 1787 952 1872 ambos,
967 1795 1005 1856 ut
1017 1788 1062 1856 ita
1080 1786 1203 1869 dicam,

171 1909 273 1999 soles,
295 1929 378 2003 quos
405 1910 570 2000 sacrilega
593 1930 692 1978 manu
710 1908 833 1979 Remus
851 1907 936 1979 coelo
954 1930 993 1980 ac
1011 1907 1107 1977 terris
1130 1895 1205 1977 eri-

169 2051 252 2123 pere
268 2033 462 2117 tentaverit,
488 2033 572 2103 tueri
594 2054 777 2124 aggressus
792 2033 845 2104 sit.
871 2059 889 2095 r
915 2027 971 2126 (ἢ)
991 2030 1085 2116 Quod
1104 2050 1206 2121 supe·-

171 2152 313 2223 rioribus
330 2154 534 2245 temporibus
549 2155 688 2246 praedixi
702 2155 786 2238 lore,
806 2162 843 2224 ut
861 2153 977 2224 Petrus
993 2153 1130 2234 Remus,
1147 2151 1205 2244 qui

170 2271 359 2346 Aristotelis
381 2275 621 2368 philosophiam
641 2297 709 2347 non
736 2275 934 2347 labefactare
961 2283 1111 2363 tantum,
1142 2271 1202 2343 sed

169 2396 316 2468 funditus
330 2408 480 2469 evertere
494 2405 685 2485 conaretur,
702 2418 768 2468 non
781 2398 816 2467 in
831 2398 894 2469 bec'
908 2407 978 2468 arte
990 2417 1056 2467 una
1069 2395 1204 2466 aculeos

168 2515 392 2586 accusationis
415 2537 485 2586 suae
505 2527 729 2603 consumeret,
758 2517 818 2589 sed
846 2517 1115 2609 philosophorum
1146 2535 1206 2604 pe-

168 2635 302 2721 tienlia,
334 2657 433 2727 quam
461 2645 623 2722 tentaret,
650 2636 691 2708 ad
717 2645 915 2708 caeterarum
934 2656 1066 2728 quoque
1085 2635 1204 2704 artium

166 2757 353 2851 perniciem
383 2767 484 2850 atque
510 2759 593 2828 adeo
618 2759 789 2830 interitum
815 2757 1031 2842 abuteretur,
1055 2759 1127 2848 jam
1152 2756 1203 2825 his

168 2881 391 2973 temporibus,
408 2880 442 2949 id
456 2890 507 2952 est
520 2879 733 2972 quadriennio
746 2888 835 2972 post,
851 2879 1057 2972 experimur.
1072 2879 1103 2949 ls
1115 2877 1202 2949 enirn

168 3003 329 3074 eumdem
344 3024 380 3075 se
393 3024 483 3075 nunc
499 3005 532 3074 in
547 3001 717 3074 Ciceronis
734 3000 869 3073 Oratore
879 3003 921 3074 ad
936 3001 1074 3073 Brutum
1085 3021 1201 3092 repre·

168 3125 344 3199 hendendo
362 3135 495 3218 praestat
499 3176 1201 3198 ............

218 3245 439 3319 Atrocitatem
470 3247 544 3320 lacti
578 3249 734 3320 omnibus
764 3247 1022 3339 exponendam,
1052 3252 1086 3313 et
1115 3243 1203 3312 idem
1283 3327 1286 3338 κ
1369 3229 1371 3234 ’

204 3537 245 3612 (1)
256 3557 272 3590 a
284 3533 323 3592 Ce
335 3535 384 3608 qui
395 3551 439 3592 me
449 3535 499 3594 leit
509 3537 664 3610 davanlage
675 3536 798 3594 admirer
810 3542 881 3595 celte
893 3535 1001 3609 abbaye
1011 3536 1045 3591 de
1057 3533 1205 3608 Cormmy,

165 3625 244 3680 l’une
262 3619 312 3676 des
331 3621 395 3692 plus
415 3620 673 3678 recommandables
690 3619 740 3694 qui
765 3620 856 3677 soient
881 3637 917 3676 en
942 3619 1110 3687 Tourraine,
1138 3621 1206 3677 e’est

167 3705 274 3780 qu'clle
287 3720 383 3762 neusa
397 3705 494 3762 nourri
513 3705 547 3761 de
559 3712 638 3763 notre
650 3712 742 3778 temps
751 3721 782 3760 ee
796 3721 872 3773 rare,
889 3710 917 3761 el
929 3704 978 3778 qui
995 3703 1206 3776 agrend'peine

167 3807 274 3863 pourra
285 3796 398 3848 trouver
408 3805 459 3847 son
472 3790 590 3856 second,
605 3789 742 3864 religieux
750 3789 881 3848 Joacbim
892 3789 993 3848 Perion
1002 3830 1010 3858 ,
1020 3789 1134 3847 homnae
1145 3785 1207 3860 qui,

169 3871 206 3928 de
216 3879 296 3927 notre
309 3871 402 3939 siecle,
417 3890 436 3928 o
450 3875 471 3927 le
482 3875 542 3942 plus
553 3882 687 3941 peremant
703 3876 780 3943 parte
798 3875 875 3938 lotio,
898 3881 922 3928 et
941 3876 1091 3928 lotieemaot
1104 3873 1206 3924 taeduit

166 3957 303 4026 plusieurs
310 3966 419 4012 auteurs
429 3973 531 4029 precam
541 3955 666 4035 (Theret,
675 3955 737 4013 Vies
749 3962 777 4013 et
788 3955 920 4029 pertraits
929 3957 977 4013 des
986 3949 1203 4012 hommesillus-

169 4043 240 4106 tres,
249 4054 280 4110 p.
292 4035 366 4110 135.)
378 4085 380 4092 Α

206 4122 245 4195 (2)
259 4121 314 4181 Pro
323 4124 463 4186 Ciceronis
474 4134 582 4188 oratore
594 4133 691 4188 contra
704 4127 820 4186 Petrum
832 4127 953 4188 hamum
965 4122 1064 4220 oratio.
