<?xml version="1.0" encoding="UTF-8"?>
<!DOCTYPE html PUBLIC "-//W3C//DTD XHTML 1.0 Transitional//EN"
    "http://www.w3.org/TR/xhtml1/DTD/xhtml1-transitional.dtd">
<html xmlns="http://www.w3.org/1999/xhtml" xml:lang="en" lang="en">
 <head>
  <title>
</title>
<meta http-equiv="Content-Type" content="text/html;charset=utf-8" />
  <meta name='ocr-system' content='tesseract 3.04.00' />
  <meta name='ocr-capabilities' content='ocr_page ocr_carea ocr_par ocr_line ocrx_word'/>
</head>
<body>
  <div class='ocr_page' id='page_1' title='image "./deciceronianobe00lenigoog_0033.png"; bbox 0 0 2950 4820; ppageno 0'>
   <div class='ocr_carea' id='block_1_1' title="bbox 731 243 903 308">
    <p class='ocr_par' dir='ltr' id='par_1_1' title="bbox 731 243 903 308">
     <span class='ocr_line' id='line_1_1' title="bbox 731 243 903 308; baseline -0.012 -18"><span class='ocrx_word' id='word_1_1' title='bbox 731 243 903 308; x_wconf 72' lang='lat'>-18⁶··</span> 
     </span>
    </p>
   </div>
   <div class='ocr_carea' id='block_1_2' title="bbox 303 381 1331 597">
    <p class='ocr_par' dir='ltr' id='par_1_2' title="bbox 303 381 1331 597">
     <span class='ocr_line' id='line_1_2' title="bbox 305 381 1331 475; baseline -0.004 -19"><span class='ocrx_word' id='word_1_2' title='bbox 305 405 378 456; x_wconf 91' lang='lat' dir='ltr'>sese</span> <span class='ocrx_word' id='word_1_3' title='bbox 408 383 499 475; x_wconf 89' lang='lat' dir='ltr'>lungi</span> <span class='ocrx_word' id='word_1_4' title='bbox 526 386 695 469; x_wconf 80' lang='lat' dir='ltr'>fateretur,</span> <span class='ocrx_word' id='word_1_5' title='bbox 714 385 884 454; x_wconf 85' lang='lat' dir='ltr'>doctorum</span> <span class='ocrx_word' id='word_1_6' title='bbox 903 381 1140 475; x_wconf 84' lang='lat' dir='ltr'>rempublicam</span> <span class='ocrx_word' id='word_1_7' title='bbox 1170 383 1331 454; x_wconf 86' lang='lat' dir='ltr'>montium</span> 
     </span>
     <span class='ocr_line' id='line_1_3' title="bbox 303 505 1331 597; baseline -0.003 -20"><span class='ocrx_word' id='word_1_8' title='bbox 303 529 342 578; x_wconf 89' lang='lat' dir='ltr'>ac</span> <span class='ocrx_word' id='word_1_9' title='bbox 357 507 528 580; x_wconf 90' lang='lat' dir='ltr'>ssuminum</span> <span class='ocrx_word' id='word_1_10' title='bbox 541 507 688 577; x_wconf 91' lang='lat' dir='ltr'>terminis</span> <span class='ocrx_word' id='word_1_11' title='bbox 703 505 817 591; x_wconf 92' lang='lat' dir='ltr'>dividi,</span> <span class='ocrx_word' id='word_1_12' title='bbox 835 505 986 597; x_wconf 90' lang='lat' dir='ltr'>partibus</span> <span class='ocrx_word' id='word_1_13' title='bbox 1001 525 1040 576; x_wconf 91' lang='lat' dir='ltr'>ac</span> <span class='ocrx_word' id='word_1_14' title='bbox 1054 505 1249 576; x_wconf 74' lang='lat' dir='ltr'><strong>factionibus</strong></span> <span class='ocrx_word' id='word_1_15' title='bbox 1262 505 1331 574; x_wconf 89' lang='lat' dir='ltr'>dis·</span> 
     </span>
    </p>
   </div>
   <div class='ocr_carea' id='block_1_3' title="bbox 304 624 1451 725">
    <p class='ocr_par' dir='ltr' id='par_1_3' title="bbox 304 624 1451 725">
     <span class='ocr_line' id='line_1_4' title="bbox 304 624 1451 725; baseline -0.003 -27"><span class='ocrx_word' id='word_1_16' title='bbox 304 628 389 698; x_wconf 87' lang='lat' dir='ltr'>trabi</span> <span class='ocrx_word' id='word_1_17' title='bbox 404 638 438 698; x_wconf 94' lang='lat' dir='ltr'>ct</span> <span class='ocrx_word' id='word_1_18' title='bbox 457 628 490 697; x_wconf 92' lang='lat' dir='ltr'>in</span> <span class='ocrx_word' id='word_1_19' title='bbox 504 631 674 725; x_wconf 72' lang='grc' dir='ltr'>ὀλιγαρχίαν</span> <span class='ocrx_word' id='word_1_20' title='bbox 689 628 772 697; x_wconf 86' lang='lat' dir='ltr'>verti</span> <span class='ocrx_word' id='word_1_21' title='bbox 799 628 916 697; x_wconf 90' lang='lat' dir='ltr'>merito</span> <span class='ocrx_word' id='word_1_22' title='bbox 942 626 1187 718; x_wconf 81' lang='lat' dir='ltr'>indignabatur.</span> <span class='ocrx_word' id='word_1_23' title='bbox 1208 624 1331 696; x_wconf 85' lang='lat' dir='ltr'><strong>Omnes</strong></span> <span class='ocrx_word' id='word_1_24' title='bbox 1450 715 1451 720; x_wconf 5' lang='grc' dir='ltr'>ἵ</span> 
     </span>
    </p>
   </div>
   <div class='ocr_carea' id='block_1_4' title="bbox 233 748 1332 2543">
    <p class='ocr_par' dir='ltr' id='par_1_4' title="bbox 233 748 1332 2543">
     <span class='ocr_line' id='line_1_5' title="bbox 302 748 1329 840; baseline -0.005 -19"><span class='ocrx_word' id='word_1_25' title='bbox 302 752 390 822; x_wconf 90' lang='lat' dir='ltr'>enim</span> <span class='ocrx_word' id='word_1_26' title='bbox 403 750 513 820; x_wconf 85' lang='lat' dir='ltr'>aiebat</span> <span class='ocrx_word' id='word_1_27' title='bbox 522 751 612 820; x_wconf 90' lang='lat' dir='ltr'>cives</span> <span class='ocrx_word' id='word_1_28' title='bbox 626 751 711 820; x_wconf 89' lang='lat' dir='ltr'>inter</span> <span class='ocrx_word' id='word_1_29' title='bbox 724 771 760 820; x_wconf 91' lang='lat' dir='ltr'>se</span> <span class='ocrx_word' id='word_1_30' title='bbox 772 750 946 820; x_wconf 89' lang='lat' dir='ltr'>habendos</span> <span class='ocrx_word' id='word_1_31' title='bbox 957 772 997 820; x_wconf 90' lang='lat' dir='ltr'>ac</span> <span class='ocrx_word' id='word_1_32' title='bbox 1014 758 1236 840; x_wconf 74' lang='lat' dir='ltr'>symmystas,</span> <span class='ocrx_word' id='word_1_33' title='bbox 1253 748 1329 839; x_wconf 92' lang='lat' dir='ltr'>qui-</span> 
     </span>
     <span class='ocr_line' id='line_1_6' title="bbox 302 869 1328 965; baseline -0.005 -22"><span class='ocrx_word' id='word_1_34' title='bbox 302 893 436 965; x_wconf 92' lang='lat' dir='ltr'>cunque</span> <span class='ocrx_word' id='word_1_35' title='bbox 449 873 567 943; x_wconf 88' lang='lat' dir='ltr'>iisdem</span> <span class='ocrx_word' id='word_1_36' title='bbox 585 872 827 943; x_wconf 86' lang='lat' dir='ltr'>studiisinitiali</span> <span class='ocrx_word' id='word_1_37' title='bbox 840 873 906 942; x_wconf 89' lang='lat' dir='ltr'>sint</span> <span class='ocrx_word' id='word_1_38' title='bbox 922 869 990 965; x_wconf 79' lang='lat' dir='ltr'>(l).</span> <span class='ocrx_word' id='word_1_39' title='bbox 1009 871 1058 942; x_wconf 81' lang='lat' dir='ltr'>dd</span> <span class='ocrx_word' id='word_1_40' title='bbox 1070 875 1132 942; x_wconf 92' lang='lat' dir='ltr'>boc</span> <span class='ocrx_word' id='word_1_41' title='bbox 1146 872 1245 942; x_wconf 86' lang='lat' dir='ltr'>ctiam</span> <span class='ocrx_word' id='word_1_42' title='bbox 1269 870 1328 940; x_wconf 92' lang='lat' dir='ltr'>sti·</span> 
     </span>
     <span class='ocr_line' id='line_1_7' title="bbox 303 993 1327 1086; baseline -0.003 -23"><span class='ocrx_word' id='word_1_43' title='bbox 303 993 472 1064; x_wconf 88' lang='lat' dir='ltr'>mutabant</span> <span class='ocrx_word' id='word_1_44' title='bbox 483 1002 564 1076; x_wconf 86' lang='lat' dir='ltr'>¹tum</span> <span class='ocrx_word' id='word_1_45' title='bbox 579 994 620 1062; x_wconf 92' lang='lat' dir='ltr'>ab</span> <span class='ocrx_word' id='word_1_46' title='bbox 633 995 723 1063; x_wconf 93' lang='lat' dir='ltr'>omni</span> <span class='ocrx_word' id='word_1_47' title='bbox 739 1015 774 1062; x_wconf 92' lang='lat' dir='ltr'>re</span> <span class='ocrx_word' id='word_1_48' title='bbox 788 1015 827 1063; x_wconf 91' lang='lat' dir='ltr'>ac</span> <span class='ocrx_word' id='word_1_49' title='bbox 844 994 1019 1085; x_wconf 88' lang='lat' dir='ltr'>religiono,</span> <span class='ocrx_word' id='word_1_50' title='bbox 1037 1016 1110 1086; x_wconf 76' lang='lat' dir='ltr'>quae</span> <span class='ocrx_word' id='word_1_51' title='bbox 1127 994 1199 1064; x_wconf 91' lang='lat' dir='ltr'>sani</span> <span class='ocrx_word' id='word_1_52' title='bbox 1211 993 1327 1085; x_wconf 83' lang='lat' dir='ltr'>judicii</span> 
     </span>
     <span class='ocr_line' id='line_1_8' title="bbox 302 1115 1330 1206; baseline 0 -22"><span class='ocrx_word' id='word_1_53' title='bbox 302 1117 387 1186; x_wconf 86' lang='lat' dir='ltr'>fines</span> <span class='ocrx_word' id='word_1_54' title='bbox 409 1115 606 1204; x_wconf 85' lang='lat' dir='ltr'>excederet,</span> <span class='ocrx_word' id='word_1_55' title='bbox 630 1117 816 1187; x_wconf 86' lang='lat' dir='ltr'>abhorrens</span> <span class='ocrx_word' id='word_1_56' title='bbox 834 1117 984 1206; x_wconf 87' lang='lat' dir='ltr'>animus;</span> <span class='ocrx_word' id='word_1_57' title='bbox 1004 1126 1074 1187; x_wconf 91' lang='lat' dir='ltr'>tum</span> <span class='ocrx_word' id='word_1_58' title='bbox 1100 1117 1261 1186; x_wconf 90' lang='lat' dir='ltr'>bonarum</span> <span class='ocrx_word' id='word_1_59' title='bbox 1277 1135 1330 1184; x_wconf 89' lang='lat' dir='ltr'>ar-</span> 
     </span>
     <span class='ocr_line' id='line_1_9' title="bbox 233 1237 1328 1328; baseline -0.003 -20"><span class='ocrx_word' id='word_1_60' title='bbox 233 1322 235 1328; x_wconf 13' lang='lat'><em>*</em></span> <span class='ocrx_word' id='word_1_61' title='bbox 302 1237 383 1308; x_wconf 93' lang='lat' dir='ltr'>tium</span> <span class='ocrx_word' id='word_1_62' title='bbox 399 1257 493 1320; x_wconf 91' lang='lat' dir='ltr'>cura,</span> <span class='ocrx_word' id='word_1_63' title='bbox 512 1258 585 1328; x_wconf 86' lang='lat' dir='ltr'>quae</span> <span class='ocrx_word' id='word_1_64' title='bbox 600 1238 631 1306; x_wconf 94' lang='lat' dir='ltr'>in</span> <span class='ocrx_word' id='word_1_65' title='bbox 643 1238 738 1328; x_wconf 86' lang='lat' dir='ltr'>pejus</span> <span class='ocrx_word' id='word_1_66' title='bbox 757 1237 987 1320; x_wconf 86' lang='lat' dir='ltr'>trahebantur;</span> <span class='ocrx_word' id='word_1_67' title='bbox 1006 1246 1076 1307; x_wconf 87' lang='lat' dir='ltr'>tum</span> <span class='ocrx_word' id='word_1_68' title='bbox 1095 1238 1196 1307; x_wconf 90' lang='lat' dir='ltr'>etiam</span> <span class='ocrx_word' id='word_1_69' title='bbox 1215 1237 1328 1308; x_wconf 84' lang='lat' dir='ltr'>Chris-</span> 
     </span>
     <span class='ocr_line' id='line_1_10' title="bbox 301 1355 1331 1452; baseline 0.002 -24"><span class='ocrx_word' id='word_1_70' title='bbox 301 1360 396 1429; x_wconf 83' lang='lat' dir='ltr'>tianae</span> <span class='ocrx_word' id='word_1_71' title='bbox 409 1357 484 1428; x_wconf 90' lang='lat' dir='ltr'>fidei</span> <span class='ocrx_word' id='word_1_72' title='bbox 497 1355 580 1451; x_wconf 88' lang='lat' dir='ltr'>(etsi</span> <span class='ocrx_word' id='word_1_73' title='bbox 596 1358 765 1427; x_wconf 84' lang='lat' dir='ltr'>nonnullis</span> <span class='ocrx_word' id='word_1_74' title='bbox 779 1358 866 1448; x_wconf 89' lang='lat' dir='ltr'>apud</span> <span class='ocrx_word' id='word_1_75' title='bbox 879 1359 1053 1429; x_wconf 84' lang='lat' dir='ltr'>Erasmum</span> <span class='ocrx_word' id='word_1_76' title='bbox 1070 1359 1255 1452; x_wconf 77' lang='lat' dir='ltr'>suspectius</span> <span class='ocrx_word' id='word_1_77' title='bbox 1267 1360 1331 1430; x_wconf 88' lang='lat' dir='ltr'>hoc</span> 
     </span>
     <span class='ocr_line' id='line_1_11' title="bbox 299 1475 1331 1574; baseline 0.002 -26"><span class='ocrx_word' id='word_1_78' title='bbox 299 1481 408 1550; x_wconf 91' lang='lat' dir='ltr'>visum</span> <span class='ocrx_word' id='word_1_79' title='bbox 434 1476 550 1574; x_wconf 89' lang='lat' dir='ltr'>luerit)</span> <span class='ocrx_word' id='word_1_80' title='bbox 572 1479 715 1549; x_wconf 90' lang='lat' dir='ltr'>studium</span> <span class='ocrx_word' id='word_1_81' title='bbox 739 1475 807 1574; x_wconf 50' lang='grc' dir='ltr'>(ᾖ),</span> <span class='ocrx_word' id='word_1_82' title='bbox 828 1501 904 1550; x_wconf 90' lang='lat' dir='ltr'>cum</span> <span class='ocrx_word' id='word_1_83' title='bbox 920 1481 1084 1551; x_wconf 89' lang='lat' dir='ltr'>Lutberus</span> <span class='ocrx_word' id='word_1_84' title='bbox 1109 1503 1149 1552; x_wconf 90' lang='lat' dir='ltr'>ac</span> <span class='ocrx_word' id='word_1_85' title='bbox 1166 1482 1275 1552; x_wconf 89' lang='lat' dir='ltr'>caeteri</span> <span class='ocrx_word' id='word_1_86' title='bbox 1289 1481 1331 1552; x_wconf 92' lang='lat' dir='ltr'>ab</span> 
     </span>
     <span class='ocr_line' id='line_1_12' title="bbox 300 1601 1328 1695; baseline 0.001 -24"><span class='ocrx_word' id='word_1_87' title='bbox 300 1602 451 1672; x_wconf 75' lang='lat' dir='ltr'>Ecclesia</span> <span class='ocrx_word' id='word_1_88' title='bbox 464 1601 662 1671; x_wconf 90' lang='lat' dir='ltr'>dissidentes</span> <span class='ocrx_word' id='word_1_89' title='bbox 679 1601 817 1671; x_wconf 87' lang='lat' dir='ltr'>Romam</span> <span class='ocrx_word' id='word_1_90' title='bbox 829 1655 837 1686; x_wconf 92' lang='lat'>,</span> <span class='ocrx_word' id='word_1_91' title='bbox 850 1601 937 1672; x_wconf 91' lang='lat' dir='ltr'>hanc</span> <span class='ocrx_word' id='word_1_92' title='bbox 949 1603 1087 1672; x_wconf 87' lang='lat' dir='ltr'>alteram</span> <span class='ocrx_word' id='word_1_93' title='bbox 1103 1603 1328 1695; x_wconf 90' lang='lat' dir='ltr'>Babylonem,</span> 
     </span>
     <span class='ocr_line' id='line_1_13' title="bbox 301 1723 1332 1816; baseline 0.001 -24"><span class='ocrx_word' id='word_1_94' title='bbox 301 1724 501 1814; x_wconf 86' lang='lat' dir='ltr'>Paganitalis</span> <span class='ocrx_word' id='word_1_95' title='bbox 520 1743 631 1792; x_wconf 90' lang='lat' dir='ltr'>arcem</span> <span class='ocrx_word' id='word_1_96' title='bbox 650 1730 685 1792; x_wconf 88' lang='lat' dir='ltr'>et</span> <span class='ocrx_word' id='word_1_97' title='bbox 709 1733 812 1815; x_wconf 92' lang='lat' dir='ltr'>caput</span> <span class='ocrx_word' id='word_1_98' title='bbox 831 1723 898 1791; x_wconf 86' lang='lat' dir='ltr'>fieri</span> <span class='ocrx_word' id='word_1_99' title='bbox 921 1723 1149 1814; x_wconf 87' lang='lat' dir='ltr'>praedicarent.</span> <span class='ocrx_word' id='word_1_100' title='bbox 1180 1725 1332 1816; x_wconf 87' lang='lat' dir='ltr'>Denique</span> 
     </span>
     <span class='ocr_line' id='line_1_14' title="bbox 299 1845 1327 1937; baseline 0.001 -21"><span class='ocrx_word' id='word_1_101' title='bbox 299 1845 489 1917; x_wconf 85' lang='lat' dir='ltr'>hortabatur</span> <span class='ocrx_word' id='word_1_102' title='bbox 501 1848 592 1936; x_wconf 89' lang='lat' dir='ltr'>ipsa,</span> <span class='ocrx_word' id='word_1_103' title='bbox 610 1866 684 1937; x_wconf 90' lang='lat' dir='ltr'>quae</span> <span class='ocrx_word' id='word_1_104' title='bbox 702 1847 737 1914; x_wconf 98' lang='lat' dir='ltr'>in</span> <span class='ocrx_word' id='word_1_105' title='bbox 752 1846 891 1914; x_wconf 85' lang='lat' dir='ltr'>omnine</span> <span class='ocrx_word' id='word_1_106' title='bbox 908 1846 1110 1928; x_wconf 90' lang='lat' dir='ltr'>dominatur,</span> <span class='ocrx_word' id='word_1_107' title='bbox 1133 1847 1327 1918; x_wconf 89' lang='lat' dir='ltr'>necessitas.</span> 
     </span>
     <span class='ocr_line' id='line_1_15' title="bbox 300 1967 1331 2061; baseline 0.002 -24"><span class='ocrx_word' id='word_1_108' title='bbox 300 1968 430 2039; x_wconf 85' lang='lat' dir='ltr'>Etenim</span> <span class='ocrx_word' id='word_1_109' title='bbox 458 1967 621 2051; x_wconf 91' lang='lat' dir='ltr'>Bembus,</span> <span class='ocrx_word' id='word_1_110' title='bbox 641 1967 819 2059; x_wconf 92' lang='lat' dir='ltr'>Longolins</span> <span class='ocrx_word' id='word_1_111' title='bbox 836 1989 876 2037; x_wconf 87' lang='lat' dir='ltr'>ac</span> <span class='ocrx_word' id='word_1_112' title='bbox 894 1970 1004 2039; x_wconf 83' lang='lat' dir='ltr'>caetcri</span> <span class='ocrx_word' id='word_1_113' title='bbox 1027 1970 1081 2039; x_wconf 87' lang='lat' dir='ltr'>isti</span> <span class='ocrx_word' id='word_1_114' title='bbox 1113 1969 1331 2061; x_wconf 85' lang='lat' dir='ltr'>exquisitissi-</span> 
     </span>
     <span class='ocr_line' id='line_1_16' title="bbox 301 2088 1332 2178; baseline 0.003 -22"><span class='ocrx_word' id='word_1_115' title='bbox 301 2110 364 2157; x_wconf 83' lang='lat' dir='ltr'>mae</span> <span class='ocrx_word' id='word_1_116' title='bbox 373 2088 544 2157; x_wconf 86' lang='lat' dir='ltr'>latinitatis</span> <span class='ocrx_word' id='word_1_117' title='bbox 564 2109 725 2178; x_wconf 84' lang='lat' dir='ltr'>aucupes,</span> <span class='ocrx_word' id='word_1_118' title='bbox 742 2089 810 2157; x_wconf 88' lang='lat' dir='ltr'>otia</span> <span class='ocrx_word' id='word_1_119' title='bbox 824 2096 857 2156; x_wconf 89' lang='lat' dir='ltr'>et</span> <span class='ocrx_word' id='word_1_120' title='bbox 879 2098 1067 2178; x_wconf 89' lang='lat' dir='ltr'>temporum</span> <span class='ocrx_word' id='word_1_121' title='bbox 1087 2090 1259 2159; x_wconf 90' lang='lat' dir='ltr'>intervalla</span> <span class='ocrx_word' id='word_1_122' title='bbox 1270 2089 1332 2160; x_wconf 90' lang='lat' dir='ltr'>sibi</span> 
     </span>
     <span class='ocr_line' id='line_1_17' title="bbox 300 2208 1331 2302; baseline 0.005 -25"><span class='ocrx_word' id='word_1_123' title='bbox 300 2209 559 2294; x_wconf 87' lang='lat' dir='ltr'>constituebant,</span> <span class='ocrx_word' id='word_1_124' title='bbox 577 2210 670 2278; x_wconf 88' lang='lat' dir='ltr'>itaut</span> <span class='ocrx_word' id='word_1_125' title='bbox 683 2211 772 2278; x_wconf 90' lang='lat' dir='ltr'>circa</span> <span class='ocrx_word' id='word_1_126' title='bbox 784 2229 884 2278; x_wconf 89' lang='lat' dir='ltr'>unam</span> <span class='ocrx_word' id='word_1_127' title='bbox 896 2208 1073 2278; x_wconf 91' lang='lat' dir='ltr'>limandam</span> <span class='ocrx_word' id='word_1_128' title='bbox 1088 2212 1259 2302; x_wconf 88' lang='lat' dir='ltr'>epistolam</span> <span class='ocrx_word' id='word_1_129' title='bbox 1274 2223 1331 2282; x_wconf 90' lang='lat' dir='ltr'>aut</span> 
     </span>
     <span class='ocr_line' id='line_1_18' title="bbox 300 2329 1331 2420; baseline 0.004 -20"><span class='ocrx_word' id='word_1_130' title='bbox 300 2333 481 2400; x_wconf 87' lang='lat' dir='ltr'>orationem</span> <span class='ocrx_word' id='word_1_131' title='bbox 509 2330 626 2419; x_wconf 92' lang='lat' dir='ltr'>longas</span> <span class='ocrx_word' id='word_1_132' title='bbox 654 2338 767 2398; x_wconf 89' lang='lat' dir='ltr'>noctes</span> <span class='ocrx_word' id='word_1_133' title='bbox 785 2329 922 2420; x_wconf 87' lang='lat' dir='ltr'>diesque</span> <span class='ocrx_word' id='word_1_134' title='bbox 945 2339 1167 2401; x_wconf 82' lang='lat' dir='ltr'>contererent.</span> <span class='ocrx_word' id='word_1_135' title='bbox 1191 2334 1331 2405; x_wconf 88' lang='lat' dir='ltr'>Erasmo</span> 
     </span>
     <span class='ocr_line' id='line_1_19' title="bbox 300 2451 1330 2543; baseline 0.005 -20"><span class='ocrx_word' id='word_1_136' title='bbox 300 2473 394 2535; x_wconf 92' lang='lat' dir='ltr'>vero,</span> <span class='ocrx_word' id='word_1_137' title='bbox 413 2454 470 2542; x_wconf 91' lang='lat' dir='ltr'>qui</span> <span class='ocrx_word' id='word_1_138' title='bbox 489 2453 632 2543; x_wconf 92' lang='lat' dir='ltr'>quodam</span> <span class='ocrx_word' id='word_1_139' title='bbox 652 2451 749 2521; x_wconf 91' lang='lat' dir='ltr'>modo</span> <span class='ocrx_word' id='word_1_140' title='bbox 768 2451 907 2542; x_wconf 79' lang='lat' dir='ltr'>Europae</span> <span class='ocrx_word' id='word_1_141' title='bbox 929 2453 1084 2543; x_wconf 91' lang='lat' dir='ltr'>publicus</span> <span class='ocrx_word' id='word_1_142' title='bbox 1104 2465 1212 2527; x_wconf 91' lang='lat' dir='ltr'>orator</span> <span class='ocrx_word' id='word_1_143' title='bbox 1224 2457 1330 2528; x_wconf 90' lang='lat' dir='ltr'>habc-</span> 
     </span>
    </p>
   </div>
   <div class='ocr_carea' id='block_1_5' title="bbox 300 2574 1450 2672">
    <p class='ocr_par' dir='ltr' id='par_1_5' title="bbox 300 2574 1450 2672">
     <span class='ocr_line' id='line_1_20' title="bbox 300 2574 1450 2672; baseline 0.003 -27"><span class='ocrx_word' id='word_1_144' title='bbox 300 2586 404 2660; x_wconf 90' lang='lat' dir='ltr'>retur,</span> <span class='ocrx_word' id='word_1_145' title='bbox 425 2574 480 2664; x_wconf 92' lang='lat' dir='ltr'>qui</span> <span class='ocrx_word' id='word_1_146' title='bbox 499 2574 693 2666; x_wconf 88' lang='lat' dir='ltr'>plerumque</span> <span class='ocrx_word' id='word_1_147' title='bbox 708 2595 773 2643; x_wconf 91' lang='lat' dir='ltr'>uno</span> <span class='ocrx_word' id='word_1_148' title='bbox 793 2583 884 2644; x_wconf 88' lang='lat' dir='ltr'>stans</span> <span class='ocrx_word' id='word_1_149' title='bbox 904 2575 1003 2666; x_wconf 86' lang='lat' dir='ltr'>pede,</span> <span class='ocrx_word' id='word_1_150' title='bbox 1024 2587 1061 2648; x_wconf 92' lang='lat' dir='ltr'>ut</span> <span class='ocrx_word' id='word_1_151' title='bbox 1084 2579 1130 2646; x_wconf 86' lang='lat' dir='ltr'>ait</span> <span class='ocrx_word' id='word_1_152' title='bbox 1147 2579 1238 2670; x_wconf 88' lang='lat' dir='ltr'>ipse,</span> <span class='ocrx_word' id='word_1_153' title='bbox 1256 2601 1332 2672; x_wconf 91' lang='lat' dir='ltr'>rap·</span> <span class='ocrx_word' id='word_1_154' title='bbox 1449 2593 1450 2636; x_wconf 79' lang='lat' dir='ltr'>t</span> 
     </span>
    </p>
   </div>
   <div class='ocr_carea' id='block_1_6' title="bbox 302 2698 1333 2794">
    <p class='ocr_par' dir='ltr' id='par_1_6' title="bbox 302 2698 1333 2794">
     <span class='ocr_line' id='line_1_21' title="bbox 302 2698 1333 2794; baseline 0.005 -26"><span class='ocrx_word' id='word_1_155' title='bbox 302 2700 358 2768; x_wconf 90' lang='lat' dir='ltr'>tim</span> <span class='ocrx_word' id='word_1_156' title='bbox 371 2709 404 2768; x_wconf 90' lang='lat' dir='ltr'>et</span> <span class='ocrx_word' id='word_1_157' title='bbox 422 2699 543 2768; x_wconf 91' lang='lat' dir='ltr'>cursim</span> <span class='ocrx_word' id='word_1_158' title='bbox 560 2698 733 2784; x_wconf 86' lang='lat' dir='ltr'>scriberet,</span> <span class='ocrx_word' id='word_1_159' title='bbox 747 2719 811 2767; x_wconf 92' lang='lat' dir='ltr'>non</span> <span class='ocrx_word' id='word_1_160' title='bbox 824 2699 963 2768; x_wconf 88' lang='lat' dir='ltr'>vacabat</span> <span class='ocrx_word' id='word_1_161' title='bbox 980 2700 1157 2770; x_wconf 91' lang='lat' dir='ltr'>verborum</span> <span class='ocrx_word' id='word_1_162' title='bbox 1172 2702 1333 2794; x_wconf 85' lang='lat' dir='ltr'>ambages</span> 
     </span>
    </p>
   </div>
   <div class='ocr_carea' id='block_1_7' title="bbox 301 2819 1450 2912">
    <p class='ocr_par' dir='ltr' id='par_1_7' title="bbox 301 2819 1450 2912">
     <span class='ocr_line' id='line_1_22' title="bbox 301 2819 1450 2912; baseline 0.003 -22"><span class='ocrx_word' id='word_1_163' title='bbox 301 2842 341 2890; x_wconf 91' lang='lat' dir='ltr'>ac</span> <span class='ocrx_word' id='word_1_164' title='bbox 352 2821 525 2912; x_wconf 86' lang='lat' dir='ltr'>juncturas</span> <span class='ocrx_word' id='word_1_165' title='bbox 548 2819 745 2910; x_wconf 87' lang='lat' dir='ltr'>disquirere.</span> <span class='ocrx_word' id='word_1_166' title='bbox 763 2819 925 2890; x_wconf 88' lang='lat' dir='ltr'>Praeterea</span> <span class='ocrx_word' id='word_1_167' title='bbox 941 2841 1006 2891; x_wconf 94' lang='lat' dir='ltr'>oon</span> <span class='ocrx_word' id='word_1_168' title='bbox 1029 2822 1070 2891; x_wconf 88' lang='lat' dir='ltr'>de</span> <span class='ocrx_word' id='word_1_169' title='bbox 1088 2822 1238 2894; x_wconf 86' lang='lat' dir='ltr'>Patribus</span> <span class='ocrx_word' id='word_1_170' title='bbox 1254 2846 1333 2896; x_wconf 92' lang='lat' dir='ltr'>con·</span> <span class='ocrx_word' id='word_1_171' title='bbox 1449 2821 1450 2824; x_wconf 67' lang='grc'>’</span> 
     </span>
    </p>
   </div>
   <div class='ocr_carea' id='block_1_8' title="bbox 302 2939 1332 3036">
    <p class='ocr_par' dir='ltr' id='par_1_8' title="bbox 302 2939 1332 3036">
     <span class='ocr_line' id='line_1_23' title="bbox 302 2939 1332 3036; baseline 0.006 -26"><span class='ocrx_word' id='word_1_172' title='bbox 302 2941 434 3030; x_wconf 89' lang='lat' dir='ltr'>scriptis</span> <span class='ocrx_word' id='word_1_173' title='bbox 451 2961 491 3009; x_wconf 91' lang='lat' dir='ltr'>ac</span> <span class='ocrx_word' id='word_1_174' title='bbox 511 2939 634 3029; x_wconf 87' lang='lat' dir='ltr'>Populo</span> <span class='ocrx_word' id='word_1_175' title='bbox 650 2941 811 3025; x_wconf 85' lang='lat' dir='ltr'>Romano,</span> <span class='ocrx_word' id='word_1_176' title='bbox 833 2962 895 3011; x_wconf 90' lang='lat' dir='ltr'>nec</span> <span class='ocrx_word' id='word_1_177' title='bbox 912 2942 953 3011; x_wconf 92' lang='lat' dir='ltr'>de</span> <span class='ocrx_word' id='word_1_178' title='bbox 969 2943 1109 3013; x_wconf 93' lang='lat' dir='ltr'>tribunis</span> <span class='ocrx_word' id='word_1_179' title='bbox 1126 2954 1185 3014; x_wconf 92' lang='lat' dir='ltr'>aut</span> <span class='ocrx_word' id='word_1_180' title='bbox 1202 2946 1332 3036; x_wconf 88' lang='lat' dir='ltr'>gladia-</span> 
     </span>
    </p>
   </div>
   <div class='ocr_carea' id='block_1_9' title="bbox 302 3059 1450 3284">
    <p class='ocr_par' dir='ltr' id='par_1_9' title="bbox 302 3059 1450 3284">
     <span class='ocr_line' id='line_1_24' title="bbox 303 3059 1450 3154; baseline 0.004 -20"><span class='ocrx_word' id='word_1_181' title='bbox 303 3062 439 3146; x_wconf 91' lang='lat' dir='ltr'>toribus,</span> <span class='ocrx_word' id='word_1_182' title='bbox 459 3059 517 3130; x_wconf 92' lang='lat' dir='ltr'>sed</span> <span class='ocrx_word' id='word_1_183' title='bbox 531 3060 572 3130; x_wconf 91' lang='lat' dir='ltr'>dc</span> <span class='ocrx_word' id='word_1_184' title='bbox 589 3062 802 3151; x_wconf 79' lang='lat' dir='ltr'>praesentium</span> <span class='ocrx_word' id='word_1_185' title='bbox 817 3072 1002 3154; x_wconf 87' lang='lat' dir='ltr'>temporum</span> <span class='ocrx_word' id='word_1_186' title='bbox 1015 3064 1130 3152; x_wconf 86' lang='lat' dir='ltr'>rebus,</span> <span class='ocrx_word' id='word_1_187' title='bbox 1149 3067 1332 3139; x_wconf 89' lang='lat' dir='ltr'>commodis</span> <span class='ocrx_word' id='word_1_188' title='bbox 1449 3097 1450 3100; x_wconf 42' lang='lat'>¹</span> 
     </span>
     <span class='ocr_line' id='line_1_25' title="bbox 302 3182 1450 3284; baseline 0.007 -27"><span class='ocrx_word' id='word_1_189' title='bbox 302 3196 335 3257; x_wconf 93' lang='lat' dir='ltr'>et</span> <span class='ocrx_word' id='word_1_190' title='bbox 356 3183 521 3269; x_wconf 91' lang='lat' dir='ltr'>moribus,</span> <span class='ocrx_word' id='word_1_191' title='bbox 540 3182 746 3274; x_wconf 88' lang='lat' dir='ltr'>quotidieilli</span> <span class='ocrx_word' id='word_1_192' title='bbox 759 3184 992 3276; x_wconf 90' lang='lat' dir='ltr'>disputandum</span> <span class='ocrx_word' id='word_1_193' title='bbox 1010 3197 1096 3260; x_wconf 90' lang='lat' dir='ltr'>erat.</span> <span class='ocrx_word' id='word_1_194' title='bbox 1118 3191 1180 3275; x_wconf 83' lang='lat' dir='ltr'>Qui</span> <span class='ocrx_word' id='word_1_195' title='bbox 1198 3192 1332 3284; x_wconf 91' lang='lat' dir='ltr'>quidem</span> <span class='ocrx_word' id='word_1_196' title='bbox 1449 3269 1450 3279; x_wconf 9' lang='grc' dir='ltr'>χ</span> 
     </span>
    </p>
   </div>
   <div class='ocr_carea' id='block_1_10' title="bbox 302 3306 1333 3645">
    <p class='ocr_par' dir='ltr' id='par_1_10' title="bbox 302 3306 1333 3645">
     <span class='ocr_line' id='line_1_26' title="bbox 302 3306 1329 3402; baseline 0.005 -22"><span class='ocrx_word' id='word_1_197' title='bbox 302 3311 390 3392; x_wconf 89' lang='lat' dir='ltr'>stilo,</span> <span class='ocrx_word' id='word_1_198' title='bbox 412 3327 479 3377; x_wconf 92' lang='lat' dir='ltr'>nou</span> <span class='ocrx_word' id='word_1_199' title='bbox 499 3308 591 3396; x_wconf 92' lang='lat' dir='ltr'>quasi</span> <span class='ocrx_word' id='word_1_200' title='bbox 609 3306 811 3390; x_wconf 87' lang='lat' dir='ltr'>calamistro,</span> <span class='ocrx_word' id='word_1_201' title='bbox 826 3308 885 3376; x_wconf 90' lang='lat' dir='ltr'>sed</span> <span class='ocrx_word' id='word_1_202' title='bbox 900 3308 1008 3398; x_wconf 90' lang='lat' dir='ltr'>gladio</span> <span class='ocrx_word' id='word_1_203' title='bbox 1027 3311 1147 3402; x_wconf 90' lang='lat' dir='ltr'>magis,</span> <span class='ocrx_word' id='word_1_204' title='bbox 1160 3313 1329 3386; x_wconf 88' lang='lat' dir='ltr'>utebatur.</span> 
     </span>
     <span class='ocr_line' id='line_1_27' title="bbox 304 3427 1333 3528; baseline 0.006 -28"><span class='ocrx_word' id='word_1_205' title='bbox 304 3432 419 3520; x_wconf 86' lang='lat' dir='ltr'>ltaque</span> <span class='ocrx_word' id='word_1_206' title='bbox 435 3430 524 3512; x_wconf 91' lang='lat' dir='ltr'>acri,</span> <span class='ocrx_word' id='word_1_207' title='bbox 548 3427 673 3511; x_wconf 90' lang='lat' dir='ltr'>vivido,</span> <span class='ocrx_word' id='word_1_208' title='bbox 691 3428 835 3518; x_wconf 90' lang='lat' dir='ltr'>plurimo</span> <span class='ocrx_word' id='word_1_209' title='bbox 854 3436 888 3498; x_wconf 91' lang='lat' dir='ltr'>et</span> <span class='ocrx_word' id='word_1_210' title='bbox 906 3451 950 3500; x_wconf 82' lang='lat' dir='ltr'>ex</span> <span class='ocrx_word' id='word_1_211' title='bbox 965 3440 1113 3522; x_wconf 90' lang='lat' dir='ltr'>tempore</span> <span class='ocrx_word' id='word_1_212' title='bbox 1128 3434 1260 3522; x_wconf 87' lang='lat' dir='ltr'>fluenti,</span> <span class='ocrx_word' id='word_1_213' title='bbox 1278 3438 1333 3528; x_wconf 91' lang='lat' dir='ltr'>qui</span> 
     </span>
     <span class='ocr_line' id='line_1_28' title="bbox 306 3551 1333 3645; baseline 0.005 -23"><span class='ocrx_word' id='word_1_214' title='bbox 306 3551 498 3623; x_wconf 89' lang='lat' dir='ltr'>recentioris</span> <span class='ocrx_word' id='word_1_215' title='bbox 522 3551 632 3620; x_wconf 87' lang='lat' dir='ltr'>aetatis</span> <span class='ocrx_word' id='word_1_216' title='bbox 654 3551 904 3626; x_wconf 84' lang='lat' dir='ltr'>necessitalibus</span> <span class='ocrx_word' id='word_1_217' title='bbox 928 3555 1161 3645; x_wconf 90' lang='lat' dir='ltr'>responderet,</span> <span class='ocrx_word' id='word_1_218' title='bbox 1183 3577 1333 3627; x_wconf 87' lang='lat' dir='ltr'>sermone</span> 
     </span>
    </p>
   </div>
   <div class='ocr_carea' id='block_1_11' title="bbox 304 3672 1333 3772">
    <p class='ocr_par' dir='ltr' id='par_1_11' title="bbox 304 3672 1333 3772">
     <span class='ocr_line' id='line_1_29' title="bbox 304 3672 1333 3772; baseline 0.005 -26"><span class='ocrx_word' id='word_1_219' title='bbox 304 3673 488 3766; x_wconf 85' lang='lat' dir='ltr'>indigebat.</span> <span class='ocrx_word' id='word_1_220' title='bbox 512 3672 596 3743; x_wconf 87' lang='lat' dir='ltr'>Cum</span> <span class='ocrx_word' id='word_1_221' title='bbox 614 3683 723 3743; x_wconf 87' lang='lat' dir='ltr'>aulem</span> <span class='ocrx_word' id='word_1_222' title='bbox 746 3676 892 3744; x_wconf 91' lang='lat' dir='ltr'>nondum</span> <span class='ocrx_word' id='word_1_223' title='bbox 918 3686 1005 3747; x_wconf 90' lang='lat' dir='ltr'>essct</span> <span class='ocrx_word' id='word_1_224' title='bbox 1021 3677 1087 3746; x_wconf 92' lang='lat' dir='ltr'>ulla</span> <span class='ocrx_word' id='word_1_225' title='bbox 1110 3699 1196 3749; x_wconf 90' lang='lat' dir='ltr'>nova</span> <span class='ocrx_word' id='word_1_226' title='bbox 1220 3679 1333 3772; x_wconf 86' lang='lat' dir='ltr'>lingua</span> 
     </span>
    </p>
   </div>
   <div class='ocr_carea' id='block_1_12' title="bbox 309 3879 1332 4130">
    <p class='ocr_par' dir='ltr' id='par_1_12' title="bbox 309 3879 1332 4130">
     <span class='ocr_line' id='line_1_30' title="bbox 337 3879 1076 3956; baseline 0.001 -18"><span class='ocrx_word' id='word_1_227' title='bbox 337 3882 377 3952; x_wconf 84' lang='grc'>’(1)</span> <span class='ocrx_word' id='word_1_228' title='bbox 389 3881 531 3938; x_wconf 86' lang='lat' dir='ltr'>Germano</span> <span class='ocrx_word' id='word_1_229' title='bbox 544 3879 640 3935; x_wconf 82' lang='lat' dir='ltr'>Brixia</span> <span class='ocrx_word' id='word_1_230' title='bbox 652 3882 755 3952; x_wconf 78' lang='lat' dir='ltr'>Epist,</span> <span class='ocrx_word' id='word_1_231' title='bbox 770 3883 866 3948; x_wconf 78' lang='lat' dir='ltr'>basil,</span> <span class='ocrx_word' id='word_1_232' title='bbox 881 3885 899 3939; x_wconf 87' lang='grc'><strong>6</strong></span> <span class='ocrx_word' id='word_1_233' title='bbox 913 3893 982 3956; x_wconf 84' lang='lat' dir='ltr'>sept.</span> <span class='ocrx_word' id='word_1_234' title='bbox 998 3885 1076 3942; x_wconf 77' lang='lat'><strong>1523.</strong></span> 
     </span>
     <span class='ocr_line' id='line_1_31' title="bbox 342 3965 1332 4043; baseline 0.002 -20"><span class='ocrx_word' id='word_1_235' title='bbox 342 3969 379 4037; x_wconf 71' lang='lat' dir='ltr'>(d)</span> <span class='ocrx_word' id='word_1_236' title='bbox 392 3965 531 4022; x_wconf 71' lang='lat' dir='ltr'>«Subolct</span> <span class='ocrx_word' id='word_1_237' title='bbox 544 3971 637 4018; x_wconf 89' lang='lat' dir='ltr'>autem</span> <span class='ocrx_word' id='word_1_238' title='bbox 650 3972 677 4018; x_wconf 88' lang='lat' dir='ltr'>et</span> <span class='ocrx_word' id='word_1_239' title='bbox 689 3965 766 4019; x_wconf 92' lang='lat' dir='ltr'>aliud</span> <span class='ocrx_word' id='word_1_240' title='bbox 783 3966 866 4036; x_wconf 88' lang='lat' dir='ltr'>hujus</span> <span class='ocrx_word' id='word_1_241' title='bbox 878 3965 999 4022; x_wconf 89' lang='lat' dir='ltr'>nominis</span> <span class='ocrx_word' id='word_1_242' title='bbox 1011 3978 1146 4039; x_wconf 80' lang='lat' dir='ltr'>praetextu</span> <span class='ocrx_word' id='word_1_243' title='bbox 1160 3972 1230 4043; x_wconf 90' lang='lat' dir='ltr'>geri,</span> <span class='ocrx_word' id='word_1_244' title='bbox 1246 3971 1332 4026; x_wconf 85' lang='lat' dir='ltr'>nimi·</span> 
     </span>
     <span class='ocr_line' id='line_1_32' title="bbox 309 4045 1285 4130; baseline 0.001 -21"><span class='ocrx_word' id='word_1_245' title='bbox 309 4069 371 4109; x_wconf 91' lang='lat' dir='ltr'>rum</span> <span class='ocrx_word' id='word_1_246' title='bbox 387 4061 417 4107; x_wconf 88' lang='grc' dir='ltr'>ιιι</span> <span class='ocrx_word' id='word_1_247' title='bbox 432 4064 482 4122; x_wconf 90' lang='lat' dir='ltr'>pro</span> <span class='ocrx_word' id='word_1_248' title='bbox 495 4045 660 4104; x_wconf 86' lang='lat' dir='ltr'>Christianis</span> <span class='ocrx_word' id='word_1_249' title='bbox 672 4047 823 4104; x_wconf 87' lang='lat' dir='ltr'>reddamur</span> <span class='ocrx_word' id='word_1_250' title='bbox 839 4049 972 4120; x_wconf 74' lang='lat' dir='ltr'>lagani.»</span> <span class='ocrx_word' id='word_1_251' title='bbox 985 4051 1064 4120; x_wconf 82' lang='lat' dir='ltr'>(Cic,</span> <span class='ocrx_word' id='word_1_252' title='bbox 1080 4053 1150 4110; x_wconf 88' lang='lat' dir='ltr'>Dial.</span> <span class='ocrx_word' id='word_1_253' title='bbox 1166 4055 1285 4130; x_wconf 73' lang='lat' dir='ltr'>praelat.)</span> 
     </span>
    </p>
   </div>
   <div class='ocr_carea' id='block_1_13' title="bbox 0 0 1482 4820">
    <p class='ocr_par' dir='ltr' id='par_1_13' title="bbox 0 0 1482 4820">
     <span class='ocr_line' id='line_1_33' title="bbox 0 0 1482 4820; baseline 0 0"><span class='ocrx_word' id='word_1_254' title='bbox 0 0 1482 4820; x_wconf 95' lang='lat' dir='ltr'> </span> 
     </span>
    </p>
   </div>
  </div>
 </body>
</html>
