2950 4820
572 332 616 358 .-.
640 305 681 372 33
706 342 750 359 ..

148 453 204 524 vel
220 448 418 542 eloquentiae
431 448 657 520 criminatores
673 445 705 544 (i
715 445 742 542 ),
758 447 856 518 ambo
869 469 913 520 ex
925 447 978 518 his
991 453 1176 542 sycophan-

150 575 203 666 tis‚
225 574 282 666 qui
300 573 384 644 inter
402 571 552 664 publicas
575 571 689 642 turbas
707 569 929 642 simultatibus
953 579 986 641 et
1004 572 1178 646 calumniis

149 698 298 769 aluntur.
328 697 392 766 Per
408 716 492 788 quos
508 715 576 765 non
592 695 681 764 stetit
698 695 779 785 quin
795 693 993 766 Franciscus
1013 697 1085 786 ipse
1108 695 1179 767 Gal-

75 799 78 807 ’
150 822 351 906 lorumrex‚
382 817 702 910 majestatiscausa,
728 817 769 886 ab
782 818 919 888 Erasmo
932 829 1047 909 poenas
1062 819 1180 911 exige·

151 951 214 1013 ret.
240 943 296 1014 ltte
310 951 439 1030 autem,
460 941 517 1032 qui
538 940 604 1031 jum
624 949 724 1010 antea
746 941 825 1010 huic
846 941 1066 1014 illustrissimo
1088 944 1179 1030 viro,

152 1068 214 1140 etsi
231 1067 376 1154 Batavo,
403 1065 486 1155 regii
507 1063 638 1156 collegii
661 1064 879 1156 principatum
894 1088 934 1136 ao
948 1068 1101 1158 regimen
1120 1067 1182 1137 ob·

152 1187 294 1274 tulerat,
323 1187 419 1257 istius
440 1185 623 1257 allatrantis
647 1185 800 1256 factionis
823 1185 1023 1256 clamoribus
1048 1189 1184 1280 minime

153 1309 282 1380 faeifem
297 1329 410 1393 aurem
425 1308 660 1380 commodavit.
678 1307 748 1379 Nee
764 1316 875 1379 tamen
887 1307 1006 1378 bellum
1022 1330 1061 1379 eo
1075 1310 1184 1380 minus

156 1431 277 1502 saevire
289 1431 390 1523 eoepit
406 1440 440 1502 et
456 1432 491 1502 in
504 1452 620 1502 omnes
635 1439 748 1523 partes
764 1429 976 1501 debacchari.

203 1550 267 1621 Vix
282 1552 371 1621 enim
386 1552 534 1623 nefarius
551 1551 605 1622 itte
616 1550 743 1641 Iiialogi
758 1549 968 1620 Ciceroninni
978 1547 1185 1623 libellusLu·

153 1671 245 1742 tetiae
263 1694 410 1745 excusus
429 1684 519 1760 erat,
545 1695 622 1745 oum
646 1673 689 1744 ad
708 1673 885 1744 Erasmum
898 1672 1051 1744 Germani
1067 1674 1183 1764 Brixii,

155 1797 256 1868 unius
274 1818 293 1868 e
310 1797 547 1883 familiaribus,

296 1964 392 2024 Anxia
402 1963 541 2040 praecipiti
554 1964 666 2022 devenit
677 1965 794 2040 epistota
806 1981 899 2039 penna
910 1965 964 2038 (2),

155 2137 224 2211 qua
247 2116 457 2188 nuntiaretur
469 2114 648 2187 tumultum
666 2115 824 2188 Gallicum
841 2125 996 2189 exortum
1011 2140 1100 2204 esse,
1118 2140 1189 2190 om-

154 2259 219 2310 nes
241 2236 454 2308 Erasmianos
474 2236 541 2329 jam
563 2246 657 2328 terga
677 2237 826 2322 dedisse,
843 2237 993 2310 inimicos
1018 2239 1186 2330 gaudere,

156 2357 286 2430 amicos
298 2359 413 2428 terreri
431 2367 466 2428 et
480 2358 681 2449 labefactari,
698 2359 758 2431 vix
773 2380 876 2431 unum
890 2360 1098 2432 autaiterum
1110 2361 1190 2432 mof-

157 2479 232 2550 liori
246 2479 370 2550 lacerto
382 2478 478 2550 ducis
494 2479 616 2550 famam
630 2501 669 2550 ac
679 2479 780 2551 decus
790 2480 881 2551 tueri
895 2502 904 2564 ;
916 2481 994 2552 hine
1004 2484 1189 2574 pracsertim

156 2620 317 2693 magnam
332 2601 458 2670 irarum
473 2609 703 2691 tempestatem
720 2602 893 2671 conflatum
907 2623 996 2682 essa,
1016 2602 1105 2692 quod
1120 2602 1188 2672 Bu·

153 2725 251 2796 daeus
269 2742 344 2792 eum
367 2720 489 2808 Badio,
509 2720 700 2812 ignominiae
723 2742 844 2806 causa,
864 2731 901 2793 ut
915 2721 1084 2793 Thersites
1110 2742 1189 2793 eum

152 2845 300 2931 Achille,
324 2844 524 2915 commissus
544 2843 751 2914 videretur·
720 2865 873 2936 ,Jamque
887 2865 948 2936 per
964 2844 1114 2916 omnium
1131 2865 1189 2916 ora

152 2969 298 3040 volitare
308 2966 370 3039 hos
383 2966 508 3040 Tusani
521 2967 607 3060 regit
597 2965 855 3060 professoris,
846 2982 881 3038 rn
893 2967 1069 3104 Erasmum
1082 2968 1189 3041 versi-

154 3091 271 3164 culos.

300 3249 515 3307 Desinemirari
529 3221 615 3322 quaro
629 3252 778 3322 postponat
786 3247 921 3305 Erasmus

300 3331 435 3390 Budaeum
448 3331 535 3388 Badio
548 3331 631 3405 :plus
642 3329 772 3388 favetifle
783 3330 855 3406 pari.

153 3480 206 3554 td
227 3481 304 3552 haec
319 3479 496 3571 adjiciebat
515 3475 702 3551 Germanus
723 3499 760 3550 se
776 3480 824 3549 ita
841 3479 972 3549 Erasmi
991 3477 1187 3569 dignitatem

155 3601 359 3685 defendisse,
384 3609 421 3672 ut
438 3603 510 3692 ipse
526 3609 641 3692 egeret
658 3600 855 3685 defensore,
874 3619 916 3671 ao
929 3599 1064 3672 tandem
1085 3600 1186 3673 obse·

156 3725 276 3798 orabat
292 3733 327 3795 et
349 3722 575 3794 obtestabatur
589 3730 644 3808 ut,
664 3721 715 3791 vel
733 3731 858 3793 mutato
877 3722 919 3794 ad
932 3722 1091 3796 Budaeum
1106 3745 1187 3816 per-

884 3873 1186 3890 W

193 3945 232 4017 (f)
258 3943 300 4001 oe
320 3946 456 4005 Alcandri
471 3951 498 4004 et
523 3945 665 4004 Eraami'
654 3945 757 4020 jurgiis
778 3944 842 4004 vido
858 3946 1029 4064 Mazuohefli
1056 3945 1187 4032 (Seritori

156 4029 486 4105 d’laatta,t.t,.pt15).

194 4113 232 4188 (2)
246 4112 382 4174 German.
395 4115 473 4177 Brix.
486 4117 642 4178 adErasm.
655 4115 759 4194 Epist,
771 4116 894 4192 ffAug.
905 4117 987 4176 1528

1059 4213 1076 4272 3
