<?xml version="1.0" encoding="UTF-8"?>
<!DOCTYPE html PUBLIC "-//W3C//DTD XHTML 1.0 Transitional//EN"
    "http://www.w3.org/TR/xhtml1/DTD/xhtml1-transitional.dtd">
<html xmlns="http://www.w3.org/1999/xhtml" xml:lang="en" lang="en">
 <head>
  <title>
</title>
<meta http-equiv="Content-Type" content="text/html;charset=utf-8" />
  <meta name='ocr-system' content='tesseract 3.04.00' />
  <meta name='ocr-capabilities' content='ocr_page ocr_carea ocr_par ocr_line ocrx_word'/>
</head>
<body>
  <div class='ocr_page' id='page_1' title='image "./deciceronianobe00lenigoog_0083.png"; bbox 0 0 2950 4820; ppageno 0'>
   <div class='ocr_carea' id='block_1_1' title="bbox 240 245 1271 721">
    <p class='ocr_par' dir='ltr' id='par_1_1' title="bbox 240 245 1271 721">
     <span class='ocr_line' id='line_1_1' title="bbox 667 245 843 310; baseline -0.011 -18"><span class='ocrx_word' id='word_1_1' title='bbox 667 279 712 292; x_wconf 88' lang='lat'>..</span> <span class='ocrx_word' id='word_1_2' title='bbox 733 245 776 310; x_wconf 81' lang='lat'>70</span> <span class='ocrx_word' id='word_1_3' title='bbox 804 279 843 290; x_wconf 85' lang='grc'>..</span> 
     </span>
     <span class='ocr_line' id='line_1_2' title="bbox 241 367 1270 478; baseline 0.001 -27"><span class='ocrx_word' id='word_1_4' title='bbox 241 379 312 454; x_wconf 90' lang='lat' dir='ltr'>Hoc</span> <span class='ocrx_word' id='word_1_5' title='bbox 334 390 445 452; x_wconf 84' lang='lat' dir='ltr'>eutem</span> <span class='ocrx_word' id='word_1_6' title='bbox 460 382 542 452; x_wconf 90' lang='lat' dir='ltr'>lalso</span> <span class='ocrx_word' id='word_1_7' title='bbox 561 381 667 473; x_wconf 84' lang='lat' dir='ltr'>sigillo</span> <span class='ocrx_word' id='word_1_8' title='bbox 692 408 700 450; x_wconf 92' lang='lat'><strong>:</strong></span> <span class='ocrx_word' id='word_1_9' title='bbox 717 382 745 453; x_wconf 90' lang='lat' dir='ltr'>J.</span> <span class='ocrx_word' id='word_1_10' title='bbox 767 383 807 453; x_wconf 88' lang='lat' dir='ltr'>R.</span> <span class='ocrx_word' id='word_1_11' title='bbox 825 379 907 474; x_wconf 84' lang='lat' dir='ltr'>(lani</span> <span class='ocrx_word' id='word_1_12' title='bbox 922 367 1050 453; x_wconf 87' lang='lat' dir='ltr'>scilicet</span> <span class='ocrx_word' id='word_1_13' title='bbox 1066 381 1270 478; x_wconf 84' lang='lat' dir='ltr'>Rulgersii),</span> 
     </span>
     <span class='ocr_line' id='line_1_3' title="bbox 242 502 1271 596; baseline 0 -22"><span class='ocrx_word' id='word_1_14' title='bbox 242 502 363 574; x_wconf 91' lang='lat' dir='ltr'>librum</span> <span class='ocrx_word' id='word_1_15' title='bbox 386 504 489 575; x_wconf 78' lang='lat' dir='ltr'>edidit</span> <span class='ocrx_word' id='word_1_16' title='bbox 503 504 547 574; x_wconf 88' lang='lat' dir='ltr'>ita</span> <span class='ocrx_word' id='word_1_17' title='bbox 562 525 748 596; x_wconf 80' lang='lat' dir='ltr'><strong>pugnacem</strong></span> <span class='ocrx_word' id='word_1_18' title='bbox 762 514 796 575; x_wconf 91' lang='lat' dir='ltr'>et</span> <span class='ocrx_word' id='word_1_19' title='bbox 817 504 1011 595; x_wconf 89' lang='lat' dir='ltr'>superbum,</span> <span class='ocrx_word' id='word_1_20' title='bbox 1035 514 1072 574; x_wconf 90' lang='lat' dir='ltr'>ut</span> <span class='ocrx_word' id='word_1_21' title='bbox 1089 526 1129 575; x_wconf 84' lang='lat' dir='ltr'>ex</span> <span class='ocrx_word' id='word_1_22' title='bbox 1158 526 1271 596; x_wconf 85' lang='lat' dir='ltr'>ungue</span> 
     </span>
     <span class='ocr_line' id='line_1_4' title="bbox 240 627 1267 721; baseline 0 -23"><span class='ocrx_word' id='word_1_23' title='bbox 240 627 292 699; x_wconf 88' lang='lat' dir='ltr'>leo</span> <span class='ocrx_word' id='word_1_24' title='bbox 306 640 513 699; x_wconf 87' lang='lat' dir='ltr'>nosceretur.</span> <span class='ocrx_word' id='word_1_25' title='bbox 533 627 651 721; x_wconf 84' lang='lat' dir='ltr'><strong>Neque</strong></span> <span class='ocrx_word' id='word_1_26' title='bbox 666 630 766 700; x_wconf 89' lang='lat' dir='ltr'>etiam</span> <span class='ocrx_word' id='word_1_27' title='bbox 780 628 914 700; x_wconf 85' lang='lat' dir='ltr'>defuere</span> <span class='ocrx_word' id='word_1_28' title='bbox 927 629 1093 712; x_wconf 75' lang='lat' dir='ltr'>damaim,</span> <span class='ocrx_word' id='word_1_29' title='bbox 1112 629 1267 713; x_wconf 83' lang='lat' dir='ltr'>Baudius‚</span> 
     </span>
    </p>
   </div>
   <div class='ocr_carea' id='block_1_2' title="bbox 240 749 1269 967">
    <p class='ocr_par' dir='ltr' id='par_1_2' title="bbox 240 749 1269 967">
     <span class='ocr_line' id='line_1_5' title="bbox 241 749 1268 844; baseline 0.001 -23"><span class='ocrx_word' id='word_1_30' title='bbox 241 749 405 836; x_wconf 79' lang='lat' dir='ltr'>Casaulro,</span> <span class='ocrx_word' id='word_1_31' title='bbox 430 750 578 822; x_wconf 86' lang='lat' dir='ltr'>etmulti</span> <span class='ocrx_word' id='word_1_32' title='bbox 610 762 772 844; x_wconf 86' lang='lat' dir='ltr'>praeterea</span> <span class='ocrx_word' id='word_1_33' title='bbox 803 750 876 837; x_wconf 90' lang='lat' dir='ltr'>alii,</span> <span class='ocrx_word' id='word_1_34' title='bbox 906 753 1061 842; x_wconf 90' lang='lat' dir='ltr'>quitum</span> <span class='ocrx_word' id='word_1_35' title='bbox 1094 752 1268 835; x_wconf 82' lang='lat' dir='ltr'>versibus,</span> 
     </span>
     <span class='ocr_line' id='line_1_6' title="bbox 240 872 1269 967; baseline 0.002 -24"><span class='ocrx_word' id='word_1_36' title='bbox 240 882 309 943; x_wconf 94' lang='lat' dir='ltr'>tum</span> <span class='ocrx_word' id='word_1_37' title='bbox 326 893 424 967; x_wconf 88' lang='lat' dir='ltr'>prosa</span> <span class='ocrx_word' id='word_1_38' title='bbox 441 873 604 960; x_wconf 90' lang='lat' dir='ltr'>oratione,</span> <span class='ocrx_word' id='word_1_39' title='bbox 626 873 786 964; x_wconf 84' lang='lat' dir='ltr'>Scaligeri</span> <span class='ocrx_word' id='word_1_40' title='bbox 801 874 899 944; x_wconf 90' lang='lat' dir='ltr'>simul</span> <span class='ocrx_word' id='word_1_41' title='bbox 916 881 950 944; x_wconf 88' lang='lat' dir='ltr'>el</span> <span class='ocrx_word' id='word_1_42' title='bbox 967 872 1136 944; x_wconf 80' lang='lat' dir='ltr'>Ciceronis</span> <span class='ocrx_word' id='word_1_43' title='bbox 1148 872 1269 944; x_wconf 87' lang='lat' dir='ltr'>famam</span> 
     </span>
    </p>
   </div>
   <div class='ocr_carea' id='block_1_3' title="bbox 237 1112 1275 1918">
    <p class='ocr_par' dir='ltr' id='par_1_3' title="bbox 237 1112 1275 1918">
     <span class='ocr_line' id='line_1_7' title="bbox 239 1112 1273 1207; baseline 0 -22"><span class='ocrx_word' id='word_1_44' title='bbox 239 1112 467 1186; x_wconf 75' lang='lat' dir='ltr'>defenderent.</span> <span class='ocrx_word' id='word_1_45' title='bbox 491 1115 540 1184; x_wconf 87' lang='lat' dir='ltr'>Ea</span> <span class='ocrx_word' id='word_1_46' title='bbox 562 1136 661 1200; x_wconf 88' lang='lat' dir='ltr'>vero,</span> <span class='ocrx_word' id='word_1_47' title='bbox 681 1115 759 1186; x_wconf 90' lang='lat' dir='ltr'>licet</span> <span class='ocrx_word' id='word_1_48' title='bbox 774 1115 996 1204; x_wconf 89' lang='lat' dir='ltr'>atrocissima,</span> <span class='ocrx_word' id='word_1_49' title='bbox 1020 1116 1126 1207; x_wconf 85' lang='lat' dir='ltr'>magis</span> <span class='ocrx_word' id='word_1_50' title='bbox 1143 1114 1273 1206; x_wconf 87' lang='lat' dir='ltr'>privata</span> 
     </span>
     <span class='ocr_line' id='line_1_8' title="bbox 237 1234 1273 1328; baseline -0.001 -23"><span class='ocrx_word' id='word_1_51' title='bbox 237 1234 300 1309; x_wconf 85' lang='lat' dir='ltr'>luit</span> <span class='ocrx_word' id='word_1_52' title='bbox 321 1257 421 1328; x_wconf 88' lang='lat' dir='ltr'>quam</span> <span class='ocrx_word' id='word_1_53' title='bbox 444 1237 578 1328; x_wconf 86' lang='lat' dir='ltr'>publica</span> <span class='ocrx_word' id='word_1_54' title='bbox 603 1236 840 1308; x_wconf 88' lang='lat' dir='ltr'>controversia.</span> <span class='ocrx_word' id='word_1_55' title='bbox 867 1235 939 1307; x_wconf 90' lang='lat' dir='ltr'>Non</span> <span class='ocrx_word' id='word_1_56' title='bbox 963 1237 1031 1328; x_wconf 85' lang='lat' dir='ltr'>jam</span> <span class='ocrx_word' id='word_1_57' title='bbox 1053 1237 1142 1307; x_wconf 92' lang='lat' dir='ltr'>enim</span> <span class='ocrx_word' id='word_1_58' title='bbox 1160 1236 1273 1307; x_wconf 89' lang='lat' dir='ltr'>aderat</span> 
     </span>
     <span class='ocr_line' id='line_1_9' title="bbox 238 1357 1271 1450; baseline 0 -22"><span class='ocrx_word' id='word_1_59' title='bbox 238 1358 293 1430; x_wconf 90' lang='lat' dir='ltr'>illa</span> <span class='ocrx_word' id='word_1_60' title='bbox 322 1359 499 1450; x_wconf 86' lang='lat' dir='ltr'>supercilio</span> <span class='ocrx_word' id='word_1_61' title='bbox 524 1359 609 1428; x_wconf 89' lang='lat' dir='ltr'>elata</span> <span class='ocrx_word' id='word_1_62' title='bbox 634 1368 667 1428; x_wconf 90' lang='lat' dir='ltr'>et</span> <span class='ocrx_word' id='word_1_63' title='bbox 699 1358 817 1428; x_wconf 87' lang='lat' dir='ltr'>alacris</span> <span class='ocrx_word' id='word_1_64' title='bbox 841 1357 1133 1430; x_wconf 87' lang='lat' dir='ltr'>Ciceronienorum</span> <span class='ocrx_word' id='word_1_65' title='bbox 1163 1358 1271 1450; x_wconf 84' lang='lat' dir='ltr'>legio,</span> 
     </span>
     <span class='ocr_line' id='line_1_10' title="bbox 238 1479 1275 1572; baseline 0 -22"><span class='ocrx_word' id='word_1_66' title='bbox 238 1501 328 1572; x_wconf 86' lang='lat' dir='ltr'>quae,</span> <span class='ocrx_word' id='word_1_67' title='bbox 353 1499 429 1550; x_wconf 92' lang='lat' dir='ltr'>cum</span> <span class='ocrx_word' id='word_1_68' title='bbox 447 1489 597 1550; x_wconf 90' lang='lat' dir='ltr'>moveret</span> <span class='ocrx_word' id='word_1_69' title='bbox 615 1479 711 1569; x_wconf 86' lang='lat' dir='ltr'>helle,</span> <span class='ocrx_word' id='word_1_70' title='bbox 733 1479 879 1550; x_wconf 90' lang='lat' dir='ltr'>omnium</span> <span class='ocrx_word' id='word_1_71' title='bbox 897 1481 1011 1550; x_wconf 89' lang='lat' dir='ltr'>oculos</span> <span class='ocrx_word' id='word_1_72' title='bbox 1028 1481 1061 1550; x_wconf 92' lang='lat' dir='ltr'>in</span> <span class='ocrx_word' id='word_1_73' title='bbox 1077 1503 1113 1552; x_wconf 88' lang='lat' dir='ltr'>se</span> <span class='ocrx_word' id='word_1_74' title='bbox 1134 1501 1275 1552; x_wconf 89' lang='lat' dir='ltr'>conver-</span> 
     </span>
     <span class='ocr_line' id='line_1_11' title="bbox 238 1583 1273 1694; baseline 0 -22"><span class='ocrx_word' id='word_1_75' title='bbox 238 1611 338 1673; x_wconf 88' lang='lat' dir='ltr'>teret.</span> <span class='ocrx_word' id='word_1_76' title='bbox 354 1601 503 1674; x_wconf 87' lang='lat' dir='ltr'>Necdum</span> <span class='ocrx_word' id='word_1_77' title='bbox 519 1612 631 1673; x_wconf 87' lang='lat' dir='ltr'>tamen</span> <span class='ocrx_word' id='word_1_78' title='bbox 644 1601 752 1672; x_wconf 91' lang='lat' dir='ltr'>omnis</span> <span class='ocrx_word' id='word_1_79' title='bbox 762 1601 920 1693; x_wconf 87' lang='lat' dir='ltr'>perierat.</span> <span class='ocrx_word' id='word_1_80' title='bbox 935 1583 1016 1689; x_wconf 87' lang='lat' dir='ltr'>Sed,</span> <span class='ocrx_word' id='word_1_81' title='bbox 1033 1603 1127 1694; x_wconf 86' lang='lat' dir='ltr'>quasi</span> <span class='ocrx_word' id='word_1_82' title='bbox 1141 1603 1273 1674; x_wconf 89' lang='lat' dir='ltr'>deserta</span> 
     </span>
     <span class='ocr_line' id='line_1_12' title="bbox 238 1723 1275 1817; baseline 0 -23"><span class='ocrx_word' id='word_1_83' title='bbox 238 1723 371 1815; x_wconf 88' lang='lat' dir='ltr'>publica</span> <span class='ocrx_word' id='word_1_84' title='bbox 396 1725 698 1797; x_wconf 88' lang='lat' dir='ltr'>controversiarum</span> <span class='ocrx_word' id='word_1_85' title='bbox 716 1745 806 1806; x_wconf 88' lang='lat' dir='ltr'>arca,</span> <span class='ocrx_word' id='word_1_86' title='bbox 831 1724 1070 1817; x_wconf 86' lang='lat' dir='ltr'>subductisque</span> <span class='ocrx_word' id='word_1_87' title='bbox 1096 1726 1275 1816; x_wconf 84' lang='lat' dir='ltr'>signis,in</span> 
     </span>
     <span class='ocr_line' id='line_1_13' title="bbox 239 1845 1275 1918; baseline -0.002 -2"><span class='ocrx_word' id='word_1_88' title='bbox 239 1845 427 1916; x_wconf 90' lang='lat' dir='ltr'>scholarum</span> <span class='ocrx_word' id='word_1_89' title='bbox 452 1848 569 1918; x_wconf 89' lang='lat' dir='ltr'>umbre</span> <span class='ocrx_word' id='word_1_90' title='bbox 597 1855 630 1917; x_wconf 90' lang='lat' dir='ltr'>et</span> <span class='ocrx_word' id='word_1_91' title='bbox 659 1855 787 1916; x_wconf 87' lang='lat' dir='ltr'>secreto</span> <span class='ocrx_word' id='word_1_92' title='bbox 812 1847 945 1916; x_wconf 87' lang='lat' dir='ltr'>latebat.</span> <span class='ocrx_word' id='word_1_93' title='bbox 976 1847 1071 1918; x_wconf 90' lang='lat' dir='ltr'>Unde</span> <span class='ocrx_word' id='word_1_94' title='bbox 1107 1846 1275 1918; x_wconf 91' lang='lat' dir='ltr'>interdum</span> 
     </span>
    </p>
   </div>
   <div class='ocr_carea' id='block_1_4' title="bbox 238 1969 1275 2424">
    <p class='ocr_par' dir='ltr' id='par_1_4' title="bbox 238 1969 1275 2424">
     <span class='ocr_line' id='line_1_14' title="bbox 239 1969 1275 2063; baseline 0.003 -26"><span class='ocrx_word' id='word_1_95' title='bbox 239 1969 366 2054; x_wconf 87' lang='lat' dir='ltr'>exibat,</span> <span class='ocrx_word' id='word_1_96' title='bbox 385 1971 489 2042; x_wconf 90' lang='lat' dir='ltr'>veluti</span> <span class='ocrx_word' id='word_1_97' title='bbox 527 1971 706 2063; x_wconf 85' lang='lat' dir='ltr'>praeteritae</span> <span class='ocrx_word' id='word_1_98' title='bbox 723 1969 838 2039; x_wconf 68' lang='lat' dir='ltr'>atatis</span> <span class='ocrx_word' id='word_1_99' title='bbox 871 1978 1148 2053; x_wconf 78' lang='lat' dir='ltr'>monumentum,</span> <span class='ocrx_word' id='word_1_100' title='bbox 1176 1976 1275 2040; x_wconf 91' lang='lat' dir='ltr'>vetus</span> 
     </span>
     <span class='ocr_line' id='line_1_15' title="bbox 239 2089 1274 2182; baseline -0.001 -22"><span class='ocrx_word' id='word_1_101' title='bbox 239 2099 273 2160; x_wconf 91' lang='lat' dir='ltr'>et</span> <span class='ocrx_word' id='word_1_102' title='bbox 291 2091 438 2162; x_wconf 88' lang='lat' dir='ltr'>obsoleta</span> <span class='ocrx_word' id='word_1_103' title='bbox 456 2092 566 2182; x_wconf 90' lang='lat' dir='ltr'>aliqua</span> <span class='ocrx_word' id='word_1_104' title='bbox 578 2090 789 2162; x_wconf 85' lang='lat' dir='ltr'>Ciceroniani</span> <span class='ocrx_word' id='word_1_105' title='bbox 801 2090 925 2181; x_wconf 86' lang='lat' dir='ltr'>imago,</span> <span class='ocrx_word' id='word_1_106' title='bbox 953 2090 1088 2180; x_wconf 90' lang='lat' dir='ltr'>qualem</span> <span class='ocrx_word' id='word_1_107' title='bbox 1109 2091 1143 2159; x_wconf 94' lang='lat' dir='ltr'>in</span> <span class='ocrx_word' id='word_1_108' title='bbox 1163 2089 1274 2180; x_wconf 90' lang='lat' dir='ltr'>priore</span> 
     </span>
     <span class='ocr_line' id='line_1_16' title="bbox 239 2209 1275 2310; baseline 0 -30"><span class='ocrx_word' id='word_1_109' title='bbox 239 2211 295 2282; x_wconf 92' lang='lat' dir='ltr'>illo</span> <span class='ocrx_word' id='word_1_110' title='bbox 310 2210 471 2282; x_wconf 88' lang='lat' dir='ltr'>Colleteto</span> <span class='ocrx_word' id='word_1_111' title='bbox 487 2209 556 2306; x_wconf 89' lang='lat' dir='ltr'>(l),</span> <span class='ocrx_word' id='word_1_112' title='bbox 574 2223 674 2303; x_wconf 86' lang='lat' dir='ltr'>poete</span> <span class='ocrx_word' id='word_1_113' title='bbox 690 2210 778 2300; x_wconf 89' lang='lat' dir='ltr'>apud</span> <span class='ocrx_word' id='word_1_114' title='bbox 793 2210 976 2280; x_wconf 89' lang='lat' dir='ltr'>Richelium</span> <span class='ocrx_word' id='word_1_115' title='bbox 992 2209 1152 2301; x_wconf 87' lang='lat' dir='ltr'>gratioso,</span> <span class='ocrx_word' id='word_1_116' title='bbox 1183 2219 1220 2310; x_wconf 90' lang='lat' dir='ltr'>et</span> <span class='ocrx_word' id='word_1_117' title='bbox 1239 2211 1275 2280; x_wconf 90' lang='lat' dir='ltr'>in</span> 
     </span>
     <span class='ocr_line' id='line_1_17' title="bbox 238 2328 1275 2424; baseline 0 -22"><span class='ocrx_word' id='word_1_118' title='bbox 238 2333 310 2424; x_wconf 91' lang='lat' dir='ltr'>ipso</span> <span class='ocrx_word' id='word_1_119' title='bbox 328 2332 492 2418; x_wconf 82' lang='lat' dir='ltr'>Balaneio,</span> <span class='ocrx_word' id='word_1_120' title='bbox 508 2335 679 2404; x_wconf 89' lang='lat' dir='ltr'>renovatis</span> <span class='ocrx_word' id='word_1_121' title='bbox 695 2328 825 2404; x_wconf 87' lang='lat' dir='ltr'>Erasmi</span> <span class='ocrx_word' id='word_1_122' title='bbox 840 2333 962 2403; x_wconf 87' lang='lat' dir='ltr'>salibus</span> <span class='ocrx_word' id='word_1_123' title='bbox 976 2354 1017 2402; x_wconf 89' lang='lat' dir='ltr'>ec</span> <span class='ocrx_word' id='word_1_124' title='bbox 1037 2332 1180 2417; x_wconf 73' lang='lat' dir='ltr'>lacetiiS,</span> <span class='ocrx_word' id='word_1_125' title='bbox 1200 2352 1275 2421; x_wconf 61' lang='lat' dir='ltr'>‚ex-</span> 
     </span>
    </p>
   </div>
   <div class='ocr_carea' id='block_1_5' title="bbox 238 2455 1277 3260">
    <p class='ocr_par' dir='ltr' id='par_1_5' title="bbox 238 2455 1277 3260">
     <span class='ocr_line' id='line_1_18' title="bbox 238 2455 1275 2548; baseline -0.003 -22"><span class='ocrx_word' id='word_1_126' title='bbox 238 2465 290 2526; x_wconf 88' lang='lat' dir='ltr'>tra</span> <span class='ocrx_word' id='word_1_127' title='bbox 316 2458 452 2528; x_wconf 92' lang='lat' dir='ltr'>modum</span> <span class='ocrx_word' id='word_1_128' title='bbox 478 2456 621 2528; x_wconf 84' lang='lat' dir='ltr'>fucatam</span> <span class='ocrx_word' id='word_1_129' title='bbox 646 2466 680 2527; x_wconf 90' lang='lat' dir='ltr'>et</span> <span class='ocrx_word' id='word_1_130' title='bbox 704 2458 920 2548; x_wconf 79' lang='lat' dir='ltr'>depravatam</span> <span class='ocrx_word' id='word_1_131' title='bbox 945 2456 1105 2536; x_wconf 81' lang='lat' dir='ltr'>invenire</span> <span class='ocrx_word' id='word_1_132' title='bbox 1124 2464 1186 2526; x_wconf 90' lang='lat' dir='ltr'>est.</span> <span class='ocrx_word' id='word_1_133' title='bbox 1215 2455 1275 2524; x_wconf 86' lang='lat' dir='ltr'>llla</span> 
     </span>
     <span class='ocr_line' id='line_1_19' title="bbox 239 2575 1277 2670; baseline 0 -24"><span class='ocrx_word' id='word_1_134' title='bbox 239 2598 344 2661; x_wconf 85' lang='lat' dir='ltr'>vero,¹</span> <span class='ocrx_word' id='word_1_135' title='bbox 359 2578 530 2650; x_wconf 86' lang='lat' dir='ltr'>memoriae</span> <span class='ocrx_word' id='word_1_136' title='bbox 554 2579 660 2668; x_wconf 86' lang='lat' dir='ltr'>magis</span> <span class='ocrx_word' id='word_1_137' title='bbox 676 2577 785 2669; x_wconf 85' lang='lat' dir='ltr'>etjuci</span> <span class='ocrx_word' id='word_1_138' title='bbox 802 2599 916 2662; x_wconf 88' lang='lat' dir='ltr'>causa,</span> <span class='ocrx_word' id='word_1_139' title='bbox 939 2577 1010 2670; x_wconf 81' lang='lat' dir='ltr'>jam&#39;</span> <span class='ocrx_word' id='word_1_140' title='bbox 1027 2575 1156 2645; x_wconf 73' lang='lat' dir='ltr'>umbrae</span> <span class='ocrx_word' id='word_1_141' title='bbox 1175 2584 1208 2646; x_wconf 91' lang='lat' dir='ltr'>et</span> <span class='ocrx_word' id='word_1_142' title='bbox 1229 2575 1277 2646; x_wconf 85' lang='lat' dir='ltr'>la·</span> 
     </span>
     <span class='ocr_line' id='line_1_20' title="bbox 239 2697 1275 2791; baseline -0.001 -21"><span class='ocrx_word' id='word_1_143' title='bbox 239 2699 327 2770; x_wconf 82' lang='lat' dir='ltr'>bulae</span> <span class='ocrx_word' id='word_1_144' title='bbox 340 2700 414 2770; x_wconf 87' lang='lat' dir='ltr'>loco</span> <span class='ocrx_word' id='word_1_145' title='bbox 428 2700 670 2772; x_wconf 83' lang='lat' dir='ltr'>traducebatur.</span> <span class='ocrx_word' id='word_1_146' title='bbox 696 2699 733 2769; x_wconf 92' lang='lat' dir='ltr'>ln</span> <span class='ocrx_word' id='word_1_147' title='bbox 754 2699 818 2769; x_wconf 92' lang='lat' dir='ltr'>hoc</span> <span class='ocrx_word' id='word_1_148' title='bbox 837 2700 927 2770; x_wconf 89' lang='lat' dir='ltr'>enim</span> <span class='ocrx_word' id='word_1_149' title='bbox 948 2697 1143 2791; x_wconf 79' lang='lat' dir='ltr'>splendente</span> <span class='ocrx_word' id='word_1_150' title='bbox 1170 2719 1275 2769; x_wconf 90' lang='lat' dir='ltr'>nova·</span> 
     </span>
     <span class='ocr_line' id='line_1_21' title="bbox 240 2819 1275 2910; baseline 0 -20"><span class='ocrx_word' id='word_1_151' title='bbox 240 2825 315 2892; x_wconf 92' lang='lat' dir='ltr'>rum</span> <span class='ocrx_word' id='word_1_152' title='bbox 342 2820 527 2894; x_wconf 90' lang='lat' dir='ltr'>litterarum</span> <span class='ocrx_word' id='word_1_153' title='bbox 553 2831 626 2892; x_wconf 92' lang='lat' dir='ltr'>ortu</span> <span class='ocrx_word' id='word_1_154' title='bbox 641 2843 722 2890; x_wconf 79' lang='lat' dir='ltr'>mox</span> <span class='ocrx_word' id='word_1_155' title='bbox 735 2820 844 2890; x_wconf 83' lang='lat' dir='ltr'>luerat</span> <span class='ocrx_word' id='word_1_156' title='bbox 865 2819 1045 2890; x_wconf 83' lang='lat' dir='ltr'>offuscatus</span> <span class='ocrx_word' id='word_1_157' title='bbox 1059 2819 1169 2910; x_wconf 86' lang='lat' dir='ltr'>gentis</span> <span class='ocrx_word' id='word_1_158' title='bbox 1187 2820 1275 2892; x_wconf 93' lang='lat' dir='ltr'>illius</span> 
     </span>
     <span class='ocr_line' id='line_1_22' title="bbox 239 2942 1274 3034; baseline 0 -22"><span class='ocrx_word' id='word_1_159' title='bbox 239 2943 359 3028; x_wconf 88' lang='lat' dir='ltr'>honor,</span> <span class='ocrx_word' id='word_1_160' title='bbox 379 2964 457 3034; x_wconf 88' lang='lat' dir='ltr'>quae</span> <span class='ocrx_word' id='word_1_161' title='bbox 472 2945 569 3014; x_wconf 95' lang='lat' dir='ltr'>modo</span> <span class='ocrx_word' id='word_1_162' title='bbox 588 2943 730 3034; x_wconf 80' lang='lat' dir='ltr'>superbe</span> <span class='ocrx_word' id='word_1_163' title='bbox 746 2951 779 3013; x_wconf 91' lang='lat' dir='ltr'>et</span> <span class='ocrx_word' id='word_1_164' title='bbox 793 2950 907 3033; x_wconf 88' lang='lat' dir='ltr'>aperte</span> <span class='ocrx_word' id='word_1_165' title='bbox 918 2942 1127 3012; x_wconf 87' lang='lat' dir='ltr'>dominatum</span> <span class='ocrx_word' id='word_1_166' title='bbox 1141 2943 1274 3013; x_wconf 85' lang='lat' dir='ltr'>allecte·</span> 
     </span>
     <span class='ocr_line' id='line_1_23' title="bbox 239 3063 1276 3156; baseline 0.002 -22"><span class='ocrx_word' id='word_1_167' title='bbox 239 3066 307 3135; x_wconf 90' lang='lat' dir='ltr'>hat.</span> <span class='ocrx_word' id='word_1_168' title='bbox 324 3064 599 3156; x_wconf 84' lang='lat' dir='ltr'>Cuiquidemjem</span> <span class='ocrx_word' id='word_1_169' title='bbox 619 3075 697 3134; x_wconf 92' lang='lat' dir='ltr'>tunc</span> <span class='ocrx_word' id='word_1_170' title='bbox 714 3073 850 3154; x_wconf 87' lang='lat' dir='ltr'>peracta</span> <span class='ocrx_word' id='word_1_171' title='bbox 866 3072 962 3134; x_wconf 88' lang='lat' dir='ltr'>erant</span> <span class='ocrx_word' id='word_1_172' title='bbox 979 3085 1038 3150; x_wconf 89' lang='lat' dir='ltr'>sua</span> <span class='ocrx_word' id='word_1_173' title='bbox 1058 3063 1143 3147; x_wconf 80' lang='lat' dir='ltr'>leta3</span> <span class='ocrx_word' id='word_1_174' title='bbox 1162 3087 1276 3155; x_wconf 91' lang='lat' dir='ltr'>super·</span> 
     </span>
     <span class='ocr_line' id='line_1_24' title="bbox 240 3183 1078 3260; baseline -0.002 -3"><span class='ocrx_word' id='word_1_175' title='bbox 240 3188 347 3260; x_wconf 88' lang='lat' dir='ltr'>stabat</span> <span class='ocrx_word' id='word_1_176' title='bbox 361 3198 487 3260; x_wconf 86' lang='lat' dir='ltr'>tantum</span> <span class='ocrx_word' id='word_1_177' title='bbox 504 3208 625 3259; x_wconf 90' lang='lat' dir='ltr'>nomen</span> <span class='ocrx_word' id='word_1_178' title='bbox 644 3209 650 3258; x_wconf 95' lang='lat'>:</span> <span class='ocrx_word' id='word_1_179' title='bbox 674 3188 827 3258; x_wconf 84' lang='lat' dir='ltr'>vixerant</span> <span class='ocrx_word' id='word_1_180' title='bbox 845 3183 1078 3258; x_wconf 69' lang='lat' dir='ltr'>ciceroniani!</span> 
     </span>
    </p>
   </div>
   <div class='ocr_carea' id='block_1_6' title="bbox 241 3396 1278 3640">
    <p class='ocr_par' dir='ltr' id='par_1_6' title="bbox 241 3396 1278 3640">
     <span class='ocr_line' id='line_1_25' title="bbox 278 3396 1278 3472; baseline 0.003 -20"><span class='ocrx_word' id='word_1_181' title='bbox 278 3397 316 3468; x_wconf 89' lang='lat' dir='ltr'>(l)</span> <span class='ocrx_word' id='word_1_182' title='bbox 331 3399 428 3454; x_wconf 84' lang='lat' dir='ltr'>Oratio</span> <span class='ocrx_word' id='word_1_183' title='bbox 442 3399 516 3472; x_wconf 92' lang='lat' dir='ltr'>apud</span> <span class='ocrx_word' id='word_1_184' title='bbox 527 3397 665 3454; x_wconf 84' lang='lat' dir='ltr'>Gallicam</span> <span class='ocrx_word' id='word_1_185' title='bbox 675 3396 859 3455; x_wconf 81' lang='lat' dir='ltr'>Academiam</span> <span class='ocrx_word' id='word_1_186' title='bbox 875 3396 982 3465; x_wconf 87' lang='lat' dir='ltr'>habita,</span> <span class='ocrx_word' id='word_1_187' title='bbox 1001 3399 1036 3455; x_wconf 89' lang='lat' dir='ltr'>de</span> <span class='ocrx_word' id='word_1_188' title='bbox 1052 3398 1187 3457; x_wconf 88' lang='lat' dir='ltr'>Veterum</span> <span class='ocrx_word' id='word_1_189' title='bbox 1205 3399 1278 3455; x_wconf 89' lang='lat' dir='ltr'>lmi-</span> 
     </span>
     <span class='ocr_line' id='line_1_26' title="bbox 241 3481 677 3557; baseline 0.002 -20"><span class='ocrx_word' id='word_1_190' title='bbox 241 3482 345 3538; x_wconf 85' lang='lat' dir='ltr'>latione</span> <span class='ocrx_word' id='word_1_191' title='bbox 357 3490 384 3538; x_wconf 90' lang='lat' dir='ltr'>et</span> <span class='ocrx_word' id='word_1_192' title='bbox 396 3483 575 3557; x_wconf 87' lang='lat' dir='ltr'>Eloquentia,</span> <span class='ocrx_word' id='word_1_193' title='bbox 588 3481 658 3538; x_wconf 83' lang='lat'>1536</span> <span class='ocrx_word' id='word_1_194' title='bbox 670 3501 677 3538; x_wconf 91' lang='lat'>:</span> 
     </span>
     <span class='ocr_line' id='line_1_27' title="bbox 277 3566 1276 3640; baseline 0.004 -22"><span class='ocrx_word' id='word_1_195' title='bbox 277 3587 293 3618; x_wconf 78' lang='lat' dir='ltr'>c</span> <span class='ocrx_word' id='word_1_196' title='bbox 302 3567 400 3624; x_wconf 79' lang='lat' dir='ltr'>G&#39;ttair</span> <span class='ocrx_word' id='word_1_197' title='bbox 411 3583 450 3622; x_wconf 90' lang='lat' dir='ltr'>un</span> <span class='ocrx_word' id='word_1_198' title='bbox 465 3567 562 3639; x_wconf 86' lang='lat' dir='ltr'>plaisir</span> <span class='ocrx_word' id='word_1_199' title='bbox 572 3568 606 3623; x_wconf 90' lang='lat' dir='ltr'>de</span> <span class='ocrx_word' id='word_1_200' title='bbox 620 3567 683 3622; x_wconf 88' lang='lat' dir='ltr'>voir</span> <span class='ocrx_word' id='word_1_201' title='bbox 697 3582 743 3622; x_wconf 87' lang='lat' dir='ltr'>ces</span> <span class='ocrx_word' id='word_1_202' title='bbox 756 3566 863 3637; x_wconf 81' lang='lat' dir='ltr'>visages</span> <span class='ocrx_word' id='word_1_203' title='bbox 874 3567 950 3639; x_wconf 79' lang='lat' dir='ltr'>pales</span> <span class='ocrx_word' id='word_1_204' title='bbox 965 3573 993 3622; x_wconf 90' lang='lat' dir='ltr'>et</span> <span class='ocrx_word' id='word_1_205' title='bbox 1007 3566 1225 3640; x_wconf 74' lang='lat' dir='ltr'>melancoliques</span> <span class='ocrx_word' id='word_1_206' title='bbox 1245 3582 1276 3623; x_wconf 84' lang='lat' dir='ltr'>se</span> 
     </span>
    </p>
   </div>
   <div class='ocr_carea' id='block_1_7' title="bbox 241 3649 1279 3724">
    <p class='ocr_par' dir='ltr' id='par_1_7' title="bbox 241 3649 1279 3724">
     <span class='ocr_line' id='line_1_28' title="bbox 241 3649 1279 3724; baseline 0 -18"><span class='ocrx_word' id='word_1_207' title='bbox 241 3649 334 3724; x_wconf 82' lang='lat' dir='ltr'>priver</span> <span class='ocrx_word' id='word_1_208' title='bbox 344 3649 379 3706; x_wconf 88' lang='lat' dir='ltr'>de</span> <span class='ocrx_word' id='word_1_209' title='bbox 392 3655 453 3705; x_wconf 86' lang='lat' dir='ltr'>tous</span> <span class='ocrx_word' id='word_1_210' title='bbox 464 3652 505 3706; x_wconf 83' lang='lat' dir='ltr'>les</span> <span class='ocrx_word' id='word_1_211' title='bbox 520 3651 629 3722; x_wconf 84' lang='lat' dir='ltr'>plaisirs</span> <span class='ocrx_word' id='word_1_212' title='bbox 640 3651 676 3706; x_wconf 91' lang='lat' dir='ltr'>de</span> <span class='ocrx_word' id='word_1_213' title='bbox 692 3651 718 3705; x_wconf 88' lang='lat' dir='ltr'>la</span> <span class='ocrx_word' id='word_1_214' title='bbox 732 3649 791 3717; x_wconf 89' lang='lat' dir='ltr'>vie,</span> <span class='ocrx_word' id='word_1_215' title='bbox 805 3649 862 3705; x_wconf 84' lang='lat' dir='ltr'>fuir</span> <span class='ocrx_word' id='word_1_216' title='bbox 876 3651 902 3704; x_wconf 87' lang='lat' dir='ltr'>la</span> <span class='ocrx_word' id='word_1_217' title='bbox 920 3649 1087 3722; x_wconf 79' lang='lat' dir='ltr'>compagnie</span> <span class='ocrx_word' id='word_1_218' title='bbox 1097 3650 1146 3705; x_wconf 85' lang='lat' dir='ltr'>des</span> <span class='ocrx_word' id='word_1_219' title='bbox 1159 3651 1279 3717; x_wconf 87' lang='lat' dir='ltr'>virants,</span> 
     </span>
    </p>
   </div>
   <div class='ocr_carea' id='block_1_8' title="bbox 238 3732 1277 4222">
    <p class='ocr_par' dir='ltr' id='par_1_8' title="bbox 238 3732 1277 4222">
     <span class='ocr_line' id='line_1_29' title="bbox 240 3732 1277 3800; baseline -0.002 -9"><span class='ocrx_word' id='word_1_220' title='bbox 240 3750 350 3791; x_wconf 90' lang='lat' dir='ltr'>comme</span> <span class='ocrx_word' id='word_1_221' title='bbox 361 3732 417 3789; x_wconf 88' lang='lat' dir='ltr'>s&#39;ils</span> <span class='ocrx_word' id='word_1_222' title='bbox 427 3741 539 3790; x_wconf 86' lang='lat' dir='ltr'>eussent</span> <span class='ocrx_word' id='word_1_223' title='bbox 551 3736 595 3790; x_wconf 80' lang='lat' dir='ltr'>ete</span> <span class='ocrx_word' id='word_1_224' title='bbox 607 3741 709 3800; x_wconf 78' lang='lat' dir='ltr'>morto,</span> <span class='ocrx_word' id='word_1_225' title='bbox 722 3733 882 3789; x_wconf 87' lang='lat' dir='ltr'>s&#39;ensevelir</span> <span class='ocrx_word' id='word_1_226' title='bbox 896 3733 965 3789; x_wconf 88' lang='lat' dir='ltr'>dans</span> <span class='ocrx_word' id='word_1_227' title='bbox 981 3735 1042 3788; x_wconf 92' lang='lat' dir='ltr'>leur</span> <span class='ocrx_word' id='word_1_228' title='bbox 1064 3733 1147 3788; x_wconf 81' lang='lat' dir='ltr'>elude</span> <span class='ocrx_word' id='word_1_229' title='bbox 1166 3747 1277 3790; x_wconf 89' lang='lat' dir='ltr'>comme</span> 
     </span>
     <span class='ocr_line' id='line_1_30' title="bbox 240 3817 1277 3884; baseline -0.002 -9"><span class='ocrx_word' id='word_1_230' title='bbox 240 3820 310 3876; x_wconf 82' lang='lat' dir='ltr'>dane</span> <span class='ocrx_word' id='word_1_231' title='bbox 322 3834 361 3874; x_wconf 90' lang='lat' dir='ltr'>un</span> <span class='ocrx_word' id='word_1_232' title='bbox 371 3819 501 3884; x_wconf 81' lang='lat' dir='ltr'>comoed,</span> <span class='ocrx_word' id='word_1_233' title='bbox 518 3826 546 3874; x_wconf 87' lang='lat' dir='ltr'>et</span> <span class='ocrx_word' id='word_1_234' title='bbox 557 3817 705 3873; x_wconf 85' lang='lat' dir='ltr'>s&#39;abstenir</span> <span class='ocrx_word' id='word_1_235' title='bbox 715 3818 750 3873; x_wconf 89' lang='lat' dir='ltr'>de</span> <span class='ocrx_word' id='word_1_236' title='bbox 765 3819 792 3872; x_wconf 88' lang='lat' dir='ltr'>la</span> <span class='ocrx_word' id='word_1_237' title='bbox 804 3819 911 3873; x_wconf 89' lang='lat' dir='ltr'>lecture</span> <span class='ocrx_word' id='word_1_238' title='bbox 921 3817 956 3872; x_wconf 93' lang='lat' dir='ltr'>de</span> <span class='ocrx_word' id='word_1_239' title='bbox 971 3822 1062 3872; x_wconf 87' lang='lat' dir='ltr'>tontes</span> <span class='ocrx_word' id='word_1_240' title='bbox 1076 3823 1163 3872; x_wconf 81' lang='lat' dir='ltr'>sortes</span> <span class='ocrx_word' id='word_1_241' title='bbox 1181 3817 1216 3872; x_wconf 92' lang='lat' dir='ltr'>de</span> <span class='ocrx_word' id='word_1_242' title='bbox 1239 3817 1277 3873; x_wconf 92' lang='lat' dir='ltr'>li-</span> 
     </span>
     <span class='ocr_line' id='line_1_31' title="bbox 239 3899 1274 3972; baseline -0.003 -13"><span class='ocrx_word' id='word_1_243' title='bbox 239 3920 316 3968; x_wconf 77' lang='lat' dir='ltr'>ures,</span> <span class='ocrx_word' id='word_1_244' title='bbox 331 3901 437 3957; x_wconf 88' lang='lat' dir='ltr'>hormis</span> <span class='ocrx_word' id='word_1_245' title='bbox 449 3901 483 3957; x_wconf 88' lang='lat' dir='ltr'>de</span> <span class='ocrx_word' id='word_1_246' title='bbox 498 3900 626 3968; x_wconf 74' lang='lat' dir='ltr'>ciceron,</span> <span class='ocrx_word' id='word_1_247' title='bbox 640 3918 705 3956; x_wconf 87' lang='lat' dir='ltr'>avec</span> <span class='ocrx_word' id='word_1_248' title='bbox 715 3908 814 3956; x_wconf 87' lang='lat' dir='ltr'>autaut</span> <span class='ocrx_word' id='word_1_249' title='bbox 828 3901 863 3956; x_wconf 86' lang='lat' dir='ltr'>de</span> <span class='ocrx_word' id='word_1_250' title='bbox 877 3900 937 3956; x_wconf 90' lang='lat' dir='ltr'>scin</span> <span class='ocrx_word' id='word_1_251' title='bbox 951 3915 1006 3972; x_wconf 88' lang='lat' dir='ltr'>qne</span> <span class='ocrx_word' id='word_1_252' title='bbox 1017 3899 1173 3972; x_wconf 80' lang='lat' dir='ltr'>Pythagora</span> <span class='ocrx_word' id='word_1_253' title='bbox 1187 3901 1274 3956; x_wconf 86' lang='lat' dir='ltr'>s&#39;abs-</span> 
     </span>
     <span class='ocr_line' id='line_1_32' title="bbox 240 3980 1276 4053; baseline -0.003 -14"><span class='ocrx_word' id='word_1_254' title='bbox 240 3984 328 4041; x_wconf 86' lang='lat' dir='ltr'>tenait</span> <span class='ocrx_word' id='word_1_255' title='bbox 339 3985 373 4038; x_wconf 86' lang='lat' dir='ltr'>dc</span> <span class='ocrx_word' id='word_1_256' title='bbox 384 3983 485 4052; x_wconf 76' lang='lat' dir='ltr'>l&#39;usage</span> <span class='ocrx_word' id='word_1_257' title='bbox 499 3983 547 4037; x_wconf 88' lang='lat' dir='ltr'>des</span> <span class='ocrx_word' id='word_1_258' title='bbox 560 3982 675 4038; x_wconf 86' lang='lat' dir='ltr'>viandes</span> <span class='ocrx_word' id='word_1_259' title='bbox 678 4021 732 4036; x_wconf 91' lang='grc'><strong><em>.....</em></strong></span> <span class='ocrx_word' id='word_1_260' title='bbox 755 3982 791 4037; x_wconf 89' lang='lat' dir='ltr'>Et</span> <span class='ocrx_word' id='word_1_261' title='bbox 805 3980 898 4053; x_wconf 89' lang='lat' dir='ltr'>quand</span> <span class='ocrx_word' id='word_1_262' title='bbox 911 3981 984 4036; x_wconf 87' lang='lat' dir='ltr'>leurs</span> <span class='ocrx_word' id='word_1_263' title='bbox 996 3981 1113 4052; x_wconf 82' lang='lat' dir='ltr'>longucs</span> <span class='ocrx_word' id='word_1_264' title='bbox 1128 3982 1223 4037; x_wconf 83' lang='lat' dir='ltr'>veilles</span> <span class='ocrx_word' id='word_1_265' title='bbox 1236 3983 1276 4037; x_wconf 87' lang='lat' dir='ltr'>les</span> 
     </span>
     <span class='ocr_line' id='line_1_33' title="bbox 239 4063 1275 4138; baseline -0.002 -14"><span class='ocrx_word' id='word_1_266' title='bbox 239 4067 349 4124; x_wconf 87' lang='lat' dir='ltr'>avaient</span> <span class='ocrx_word' id='word_1_267' title='bbox 362 4063 489 4121; x_wconf 78' lang='lat' dir='ltr'>attenues</span> <span class='ocrx_word' id='word_1_268' title='bbox 504 4065 538 4120; x_wconf 90' lang='lat' dir='ltr'>de</span> <span class='ocrx_word' id='word_1_269' title='bbox 555 4065 702 4134; x_wconf 82' lang='lat' dir='ltr'>maledics,</span> <span class='ocrx_word' id='word_1_270' title='bbox 724 4065 759 4118; x_wconf 87' lang='lat' dir='ltr'>ils</span> <span class='ocrx_word' id='word_1_271' title='bbox 779 4063 937 4118; x_wconf 89' lang='lat' dir='ltr'>mouraient</span> <span class='ocrx_word' id='word_1_272' title='bbox 957 4068 1101 4134; x_wconf 81' lang='lat' dir='ltr'>contente,</span> <span class='ocrx_word' id='word_1_273' title='bbox 1129 4064 1275 4138; x_wconf 88' lang='lat' dir='ltr'>puisqu&#39;ils</span> 
     </span>
     <span class='ocr_line' id='line_1_34' title="bbox 238 4145 1021 4222; baseline -0.008 -16"><span class='ocrx_word' id='word_1_274' title='bbox 238 4147 448 4222; x_wconf 82' lang='lat' dir='ltr'>augmentaient</span> <span class='ocrx_word' id='word_1_275' title='bbox 461 4148 485 4202; x_wconf 87' lang='lat' dir='ltr'>le</span> <span class='ocrx_word' id='word_1_276' title='bbox 499 4146 615 4202; x_wconf 86' lang='lat' dir='ltr'>nombre</span> <span class='ocrx_word' id='word_1_277' title='bbox 626 4147 674 4202; x_wconf 85' lang='lat' dir='ltr'>des</span> <span class='ocrx_word' id='word_1_278' title='bbox 688 4153 809 4218; x_wconf 82' lang='lat' dir='ltr'>martyrs</span> <span class='ocrx_word' id='word_1_279' title='bbox 821 4146 855 4201; x_wconf 91' lang='lat' dir='ltr'>de</span> <span class='ocrx_word' id='word_1_280' title='bbox 866 4145 993 4203; x_wconf 76' lang='lat' dir='ltr'>Ciceron.</span> <span class='ocrx_word' id='word_1_281' title='bbox 1006 4168 1021 4200; x_wconf 73' lang='lat' dir='ltr'>a</span> 
     </span>
    </p>
   </div>
   <div class='ocr_carea' id='block_1_9' title="bbox 0 0 1480 4820">
    <p class='ocr_par' dir='ltr' id='par_1_9' title="bbox 0 0 1480 4820">
     <span class='ocr_line' id='line_1_35' title="bbox 0 0 1480 4820; baseline 0 0"><span class='ocrx_word' id='word_1_282' title='bbox 0 0 1480 4820; x_wconf 95' lang='lat' dir='ltr'> </span> 
     </span>
    </p>
   </div>
  </div>
 </body>
</html>
