2950 4820
645 340 821 408 ..59-

218 493 298 574 bal,
318 490 431 561 lustru
448 485 580 579 Lipsius
594 484 741 577 quinque
756 493 791 555 et
804 483 924 575 viginti
935 495 1147 557 annosnatus
1158 487 1250 560 lenae

218 613 386 708 publicam
398 611 595 691 orationem,
613 607 665 677 vel
677 608 786 699 polius
804 606 1097 694 declamationem,
1112 610 1251 702 juvenili

219 737 329 810 studio
352 735 480 807 habuit.
508 731 735 822 Quaequidem
757 741 914 804 oaeterum
947 732 1078 804 videtur
1103 733 1250 804 maxima

218 861 320 931 luisse
345 856 544 930 scholastica
573 852 879 944 exercituumque
908 854 1032 939 nobilis
1062 856 1253 929 adolescens

221 1002 304 1072 erga
318 982 476 1051 Romanae
491 973 691 1067 eloqueniiae
705 981 835 1064 patrem
850 995 1052 1070 suorumque
1069 979 1254 1048 studiorum

221 1104 341 1176 ducem
353 1123 393 1171 ac
409 1099 603 1190 magistrum
618 1096 775 1188 pietatem
788 1098 1009 1187 profiteretur.
1023 1097 1073 1169 lbi
1087 1101 1177 1171 euim
1187 1122 1254 1172 non

221 1235 292 1296 tanr
304 1220 527 1294 controversia
544 1240 643 1310 quam
659 1219 862 1308 praeconium
876 1223 987 1312 agitur
1005 1243 1012 1292 :
1033 1222 1073 1292 de
1084 1221 1255 1294 Ciceronis

222 1346 291 1416 vita
307 1355 341 1414 ot
360 1327 507 1414 moribus
527 1342 657 1412 disserit
678 1341 826 1433 lipsius,
845 1353 883 1414 ut
900 1343 1030 1436 objecta
1051 1346 1195 1418 levitatis
1221 1353 1256 1416 ei

224 1465 455 1536 inconstantiae
490 1463 630 1535 crimina
665 1464 778 1533 diluat.
813 1463 947 1536 Scilicet
980 1466 1076 1536 illurn
1113 1465 1259 1537 ostendit

223 1576 371 1677 Pompeii
386 1607 455 1656 una
478 1585 687 1677 Caesarisque
716 1587 790 1656 sine
810 1585 947 1656 levitate
965 1587 1110 1656 amicum
1135 1587 1254 1678 luisse;

222 1708 380 1778 eumdem
398 1711 481 1779 ‘vero
497 1707 721 1778 Caesarinnnc
739 1706 910 1790 convicia,
930 1727 1018 1778 nnnc
1037 1709 1166 1808 laudes,
1186 1710 1259 1779 sine

223 1829 440 1902 inconstantia
455 1828 609 1900 tribuisse
630 1855 638 1897 :
658 1849 806 1920 namque
829 1826 883 1898 ¹vel
903 1829 1037 1920 optimis
1054 1841 1088 1901 et
1102 1830 1259 1901 firmissi-

103 2001 109 2020 .
223 1949 287 2019 mis
303 1949 528 2022 civibusinter
542 1949 690 2041 publicas
703 1951 818 2020 turbas
837 1951 960 2040 saepius
971 1950 1166 2022 mutandam
1182 1957 1260 2021 sen-

225 2071 377 2159 tentiam,
395 2090 504 2162 neque
521 2080 635 2142 contra
648 2091 765 2142 omnes
779 2070 989 2157 enitendum,
1007 2072 1067 2144 sed
1082 2071 1258 2163 aliquando

223 2191 473 2263 inserviendum
490 2191 704 2282 temporibus.
723 2191 876 2284 Denique
889 2193 1062 2263 contendit
1076 2193 1185 2264 omnia
1209 2191 1260 2262 Ci-

225 2314 337 2384 ceroni
355 2314 442 2384 bene
460 2322 555 2398 acta,
576 2333 618 2384 ne
632 2313 754 2384 omissa
773 2313 908 2406 quidem
923 2322 1048 2398 morte,
1074 2322 1260 2406 opportune

226 2435 400 2506 cecidisse.
412 2433 519 2504 lnhoo
529 2435 638 2526 primo
652 2437 732 2505 vitae
745 2443 780 2504 et
790 2434 988 2526 eloquentiae
997 2455 1066 2504 suae
1077 2455 1177 2505 cursu
1186 2429 1257 2528 (l),

227 2556 356 2648 Lipsius
380 2556 527 2626 maxime
553 2555 732 2626 Tullianam
760 2555 936 2627 dictionem
968 2556 1144 2626 aemulatus
1164 2561 1259 2635 erat;

227 2689 341 2771 postca
356 2700 449 2763 vero,
466 2699 542 2750 eum
561 2697 723 2750 annorum
742 2699 805 2748 usu
820 2679 887 2768 jam
905 2678 1069 2748 maturius
1086 2685 1120 2749 et
1144 2676 1262 2746 robus-

227 2800 294 2870 tius
307 2799 430 2871 iactum
445 2809 533 2872 esset
547 2797 723 2890 ingenium
736 2853 746 2884 ,
761 2797 854 2867 Bruti
873 2807 907 2868 et
919 2796 1068 2868 Messalae
1085 2806 1196 2890 partes
1209 2816 1263 2866 se-

228 2929 337 3004 cutus,
354 2921 570 2992 decretoriam
580 2920 760 3013 qnamdam
769 2918 969 2989 brevitatem
986 2917 1093 3010 magis
1106 2919 1199 2989 visus
1213 2926 1262 2988 est

229 3039 395 3120 aiiectare.
412 3040 507 3126 Quod
525 3041 597 3132 ipse
617 3040 669 3110 bis
685 3041 799 3111 verbis
817 3039 850 3109 in
866 3039 1013 3110 secundo
1029 3037 1262 3109 Centuriarnm

216 3163 311 3235 'libro
324 3173 464 3235 testatus
477 3173 546 3236 est:
566 3191 582 3228 u
595 3162 791 3236 Ciceronem
807 3157 864 3258 (2)
876 3183 964 3232 amo.
980 3160 1069 3232 ¹Olim
1085 3157 1265 3230 etiamimi·

229 3291 319 3354 talus
333 3307 407 3356 sum
429 3310 437 3354 ε
459 3287 544 3356 alius
558 3285 639 3355 mihi
661 3307 780 3356 sensus
795 3304 883 3354 nuno
897 3283 982 3352 viro.
1004 3263 1138 3352 lisianae
1159 3278 1264 3370 dapes

230 3426 297 3475 non
308 3406 350 3475 ad
366 3425 479 3475 meum
497 3413 652 3495 gustum,
672 3405 791 3476 atticae
802 3404 923 3495 magis.
944 3431 961 3466 s>
972 3401 1106 3472 'Eadem
1119 3401 1218 3472 animi
1231 3381 1265 3473 et

229 3529 354 3620 lingnae
367 3526 515 3607 libertale
528 3525 707 3617 paulopost
718 3521 774 3621 (5)
792 3523 1024 3596 Ciceronianos
1038 3531 1072 3594 et
1084 3524 1265 3616 praesertim

231 3678 346 3728 eorum
361 3654 483 3727 ducem
497 3651 659 3724 Bembum
679 3650 854 3735 irridebat,
876 3649 971 3742 cujus
990 3651 1090 3724 stilus
1108 3650 1262 3746 supinus,

267 3907 376 3978 (illam
389 3914 482 3975 antea,
494 3906 542 3964 rix
555 3922 657 3965 norem
666 3909 695 3964 et
707 3907 803 3965 decom
815 3923 903 3966 annos
912 3911 1005 3977 natus,
1017 3906 1164 3966 lariorum
1174 3903 1264 3960 bodo·

231 4005 295 4046 num
306 3990 410 4047 librum
424 3988 604 4048 Ciceroniane
615 3989 774 4067 scripserat.

269 4073 306 4144 (i)
318 4073 410 4146 Epist.
420 4089 450 4130 x.

268 4156 307 4231 (3)
318 4155 408 4230 Epist.
424 4174 491 4218 nvu.
503 4159 594 4230 (ibid.)
