2950 4820
730 295 773 308 ..
797 258 840 326 33
864 293 905 307 ..

309 402 428 488 vitate,
443 396 625 490 redarguit,
640 398 696 469 cui
708 396 901 470 Ciceronem
916 405 950 468 et
963 393 1072 468 Titum
1091 395 1220 469 Livium
1234 395 1334 468 etiam

311 530 502 614 anteponat.
534 518 656 590 «Adeo
677 519 884 592 decantatam
903 519 939 590 in
963 516 1019 589 illo
1038 517 1108 589 viro
1134 519 1336 591 brevitatem

310 663 480 735 nunquam
498 640 731 734 comprehendi
736 693 810 710 .....
833 639 917 711 Nam
932 638 959 710 si
973 639 1132 732 quoniam
1155 639 1339 732 frequenti·

310 765 373 836 bus
385 765 554 856 asyndetis
571 763 686 849 utitur,
703 772 760 834 aut
774 763 862 856 quod
877 783 944 834 non
961 762 1071 856 longis
1089 762 1234 856 periodis
1247 765 1338 836 scri-

310 887 362 958 bit
379 893 594 978 argumenta,
617 905 793 978 properare
808 884 865 955 tibi
882 884 1033 972 videtur,
1055 883 1117 955 isto
1136 883 1194 955 tibi
1210 904 1343 977 quoquc

312 1016 409 1101 pacto
427 1005 583 1078 brevibus
599 1015 700 1100 atque
714 1005 906 1099 interceptis
920 1006 1060 1078 saltibus
1075 1014 1208 1078 centum
1222 1005 1342 1076 millia·

313 1130 439 1202 riorum
456 1129 518 1200 iter
539 1127 648 1200 minus
677 1128 815 1219 longum
828 1127 993 1199 videbitur
1011 1149 1114 1221 quam
1131 1128 1228 1199 unius
1244 1127 1342 1198 modo

315 1252 410 1323 stadii
426 1251 650 1335 intervallum,
670 1250 756 1342 quod
772 1271 837 1320 uuo
855 1249 972 1342 spiritu
986 1248 1180 1322 confeceris.
1199 1278 1217 1318 a
1236 1245 1340 1344 (Scal.

316 1372 407 1444 Orat.
425 1373 521 1466 prim.
544 1373 577 1442 iu
592 1369 741 1468 Erasm.)
762 1369 829 1443 Sed
847 1373 911 1443 boc
929 1393 1010 1444 sano
1027 1371 1218 1468 disputandi
1235 1381 1270 1444 et
1285 1393 1344 1442 ra·
1454 1452 1457 1471 Ι

316 1496 495 1569 tiooinandi
513 1506 629 1568 tenore
642 1518 710 1568 non
727 1497 781 1568 diu
800 1519 882 1568 usus
903 1493 1074 1593 (probibet
1088 1497 1178 1569 enim
1196 1495 1297 1568 animi
1313 1504 1346 1567 et

317 1618 445 1712 linguae
467 1615 695 1713 impotentia),
723 1640 803 1692 mox
827 1621 949 1692 iterum
966 1620 1155 1710 invehitur,
1180 1630 1214 1693 et
1231 1620 1347 1692 eadem

319 1741 420 1813 animi
438 1742 628 1829 alacritate,
648 1765 713 1838 qua
724 1743 852 1814 Tullius
869 1742 1043 1822 Catilinam
1062 1744 1210 1828 victum,
1241 1741 1350 1834 abiec-

320 1874 392 1936 tum
410 1874 445 1937 et
457 1865 531 1937 loco
545 1864 754 1938 deturbatum
768 1864 983 1951 ostendebat,
1008 1867 1101 1938 velut
1118 1867 1214 1937 hoste
1230 1863 1350 1956 prodi-

321 1994 427 2079 gato:
452 1989 585 2060 «Hemt
614 1988 794 2079 exclamat,
813 1987 971 2060 Erasme!
989 1998 1114 2082 quanto
1133 1987 1259 2082 pudore
1276 1993 1349 2070 tuo,

323 2118 447 2200 quanto
466 2109 582 2203 gloriae
597 2119 664 2181 tuae
679 2110 825 2203 periculo
840 2108 881 2182 ob
888 2109 1009 2205 jaccae
1026 2107 1153 2182 lomina
1163 2105 1232 2206 (l),
1247 2105 1353 2177 arodi

326 2239 470 2312 oratore,
490 2252 594 2302 a-non
610 2241 752 2318 oratore,
766 2252 788 2302 a
801 2230 918 2316 milita,
939 2233 980 2303 ab
993 2232 1089 2317 ltalo,
1099 2233 1140 2303 ab
1156 2253 1196 2304 eo
1209 2231 1264 2323 qui
1277 2251 1354 2323 per·

327 2352 407 2424 velit
429 2375 466 2425 se
485 2354 548 2426 dici
580 2363 613 2425 et
634 2375 709 2426 esse
727 2353 997 2445 Ciceronianam,
1016 2354 1178 2427 docearis.
1197 2381 1213 2419 a
1238 2353 1274 2424 ln
1293 2352 1356 2423 boc

329 2475 473 2547 exsultat
496 2484 530 2547 et
553 2475 734 2568 triumphat
757 2474 827 2568 ejus
855 2476 970 2548 oratio.
991 2476 1075 2548 Tum
1097 2477 1195 2547 etiam
1212 2484 1357 2546 veterem

329 2585 482 2669 ltalor'um
499 2620 538 2671 ao
552 2600 742 2692 praesertim
759 2599 981 2691 Scaligeranae
991 2600 1112 2672 domus
1126 2600 1286 2669 virtutem
1304 2617 1360 2668 oe·
1463 2609 1464 2620 ¹

330 2720 452 2810 lebrot,
468 2721 645 2811 Achillem,
657 2723 850 2808 Herculem,
874 2723 1042 2796 Bacchum
1062 2733 1097 2796 et
1113 2721 1317 2814 Scaligeros,

441 2891 546 2950 Omnes
558 2893 712 2962 craticulas,
727 2910 825 2952 omues
837 2909 939 2968 supera
951 2893 1007 2951 alta
1022 2899 1165 2960 tenentes,

333 3048 583 3124 commemorat,
600 3049 633 3110 et
649 3041 784 3112 tandem
800 3040 930 3112 Erasmi
945 3039 1141 3114 detestando
1157 3039 1260 3132 capiti
1274 3037 1363 3108 diras

334 3157 556 3252 imprecatus,
586 3159 726 3250 juvenes
761 3161 908 3232 hortatur
945 3169 983 3232 ut
1011 3183 1030 3232 c
1059 3156 1364 3233 maledicentissimi

334 3281 479 3354 bominis
497 3281 678 3354 acerbitate
701 3281 927 3356 felicissimam
952 3283 1068 3378 optimi
1085 3285 1148 3356 viri
1171 3282 1365 3355 memoriam

231 3425 234 3430 ·
308 3491 310 3498 Α
338 3403 491 3497 eripiant.

386 3523 732 3612 xviii-Erasmus,
744 3525 803 3597 vix
814 3527 911 3598 allata
926 3526 997 3619 eius
1009 3525 1110 3598 libelli
1123 3525 1209 3597 lama
1221 3532 1255 3596 et
1268 3542 1369 3616 opere

339 3644 533 3737 degustato,
556 3648 644 3720 hanc
666 3669 786 3719 novam
808 3649 956 3721 fraudem
978 3649 1019 3720 ab
1042 3647 1205 3720 Alcandro
1222 3656 1257 3718 et
1279 3642 1369 3716 beda

338 3767 534 3856 instructam
546 3792 640 3853 esse;
655 3771 861 3862 Scaligcrum
873 3781 985 3843 autern
996 3790 1133 3864 operam
1146 3767 1369 3840 obstetricium

375 3987 414 4062 (l)
424 3989 519 4048 tutius
526 3989 614 4049 Cesar
622 3959 674 4050 Sca
686 3993 747 4066 igar
757 3999 877 4067 quatuor
883 3998 977 4051 umen
985 3997 1014 4051 at
1024 3990 1212 4066 quadraginta
1221 3986 1371 4062 anuosjarn

339 4081 401 4133 tum
414 4080 496 4133 natus
507 4079 577 4133 erat.
592 4073 784 4149 Sercuuidem
794 4074 921 4148 iuvenis!
