2950 4820
701 297 877 362 ...10-

277 449 387 534 partes
403 437 506 510 seenti
523 445 599 508 sunt
611 433 667 533 (l)
682 459 689 508 :
706 436 786 506 vieit
801 435 914 508 Bembi
932 433 1044 517 laum,
1063 443 1110 518 et,
1127 435 1304 529 adjuvante

276 561 354 638 biae
368 561 497 633 Summi
511 559 676 632 Pontifiais
688 559 807 650 gratia,
825 557 913 633 itum
924 557 1038 648 gentili
1049 558 1218 649 snperbia,
1238 569 1304 640 tnta

276 682 368 756 ltalia
383 682 469 758 laeta
486 690 537 752 est
554 679 780 752 Ciceroniana.
805 678 901 761 Quod
919 699 1000 750 sane
1015 679 1152 751 minime
1165 679 1302 766 mirum,

276 804 419 895 sinnius
439 803 551 894 gentis
576 803 770 896 ingenium,
795 823 905 874 mores
924 812 956 874 et
975 802 1083 878 studia
1096 802 1298 882 consideres.

276 925 407 1017 Quippe
425 947 500 1020 quae
522 927 678 998 omnibus·
694 926 825 996 aurium
842 932 877 996 et
893 925 1065 996 naulorum
1088 923 1216 997 deliciis
1240 924 1304 995 da-

277 1045 359 1134 dila,
384 1047 432 1116 uti
451 1047 595 1120 decebat
617 1047 782 1132 musicos,
798 1047 962 1137 pictores,
976 1046 1140 1136 artiliees,
1156 1046 1304 1118 rhetores

275 1189 316 1244 aa
332 1177 459 1259 poetas,
480 1170 601 1262 quibus
616 1170 692 1260 plus
710 1169 835 1260 ingenii
847 1186 948 1260 quam
961 1169 1098 1242 rationis
1108 1177 1196 1252 erat,
1213 1176 1305 1245 exie·

277 1289 372 1362 rionis
390 1291 565 1382 cujuslibet
580 1291 697 1364 formae
719 1291 849 1382 lepores
866 1299 1062 1362 sectaretur.
1097 1290 1159 1365 Ubi
1175 1290 1304 1362 enime
1430 1347 1432 1356 .

274 1409 391 1486 Madia
408 1412 526 1484 AEtalis
545 1412 700 1482 serdibus
718 1433 757 1482 ae
776 1410 905 1482 nebulis
923 1411 1044 1482 effulsit
1065 1411 1118 1482 illa
1133 1411 1223 1487 clare
1236 1432 1299 1502 pu⁹

275 1550 378 1621 raque
393 1532 587 1624 antiquitas,
602 1533 760 1606 Italorum
772 1531 1170 1624 ingenialascinatasunl.
1187 1532 1303 1624 Neque

275 1651 537 1725 obliviseandum
555 1654 641 1728 hene
658 1663 791 1726 aetatem
807 1655 925 1738 luisse,
950 1675 1015 1745 qna
1030 1653 1177 1745 llephadl
1191 1661 1225 1727 et
1242 1653 1302 1725 bli-

274 1773 367 1846 ehadl
384 1775 617 1866 Angelus,.isti
631 1777 770 1848 maximi
788 1775 1038 1875 pulchritudinis
1052 1784 1087 1846 el
1098 1775 1210 1848 lormae
1225 1796 1303 1866 pra·

274 1917 387 1984 eones,
403 1899 609 1990 exstiterint;
629 1900 732 1985 bane,
754 1921 835 1990 qna,
856 1898 975 1970 eodem
991 1907 1073 1970 estu
1089 1899 1180 1968 ltalia
1192 1897 1301 1970 ferve-

273 2029 326 2090 ret
350 2042 418 2111 quo
441 2020 784 2107 brectanorum
808 2020 851 2091 ed
869 2018 1019 2091 Phidiam
1043 2019 1302 2112 pulcherrimum

274 2140 461 2230 puellarum
476 2143 615 2226 liorem,
644 2144 723 2213 artis
737 2143 907 2234 specimen
925 2151 959 2212 et
977 2142 1166 2233 exemplet,
1188 2142 1301 2214 mitte·

273 2269 342 2352 ret;
364 2262 451 2332 hano
467 2263 622 2353 tandem,
644 2285 713 2357 qua
739 2264 939 2347 Fornarina,
964 2265 1067 2336 altera
1085 2264 1245 2357 Aspasia,
1267 2266 1302 2334 in

274 2383 433 2458 Vaticano
449 2387 533 2477 ipso,
552 2386 647 2478 juata
657 2388 781 2458 summi
797 2385 964 2458 Pontifieie
972 2387 1179 2474 cathedram,
1192 2387 1301 2480 Lepo-

272 2526 345 2579 rum
363 2528 402 2578 ae
419 2506 589 2580 Veneram
615 2509 752 2600 regina,
777 2507 982 2578 domicilium
1003 2507 1153 2580 haberet.
1180 2507 1301 2592 Quem

271 2629 450 2702 admodum
472 2632 573 2723 igitur
587 2641 662 2704 ante
679 2631 733 2702 illa
748 2651 933 2702 marmorea
950 2640 984 2702 et
999 2651 1093 2704 aenea
1108 2632 1217 2722 signa,
1238 2631 1300 2700 hn-

272 2771 327 2822 mn
345 2761 377 2824 et
390 2753 566 2824 ruderibus
580 2754 697 2826 effossa
710 2752 1012 2845 eoelnquereddita,
1026 2755 1133 2825 valed
1148 2763 1299 2825 veterum

271 2869 450 2960 imaginem
475 2894 648 2966 expresse,
669 2875 711 2946 ita
729 2874 772 2944 ad
794 2873 878 2944 haue
897 2873 1056 2964 liquidam
1075 2883 1108 2946 et
1124 2873 1298 2950 candidam

270 2990 483 3082 antiquorum
500 2995 698 3084 scriptorum
717 3002 928 3066 venustatem
947 3015 1063 3068 omnes
1081 2995 1298 3068 admiratione

270 3109 414 3183 devincti
429 3113 661 3202 obstupebant.
690 3111 776 3184 Inter
790 3114 864 3186 hae
882 3125 995 3187 entem
1007 3115 1175 3187 inebriare
1187 3117 1297 3208 gentis

269 3231 378 3310 studia
399 3235 559 3307 nonnulla
591 3234 767 3325 aliquande
788 3236 941 3308 inuidisse
960 3237 1175 3310 deliramenta
1203 3237 1296 3310 laeile

268 3358 397 3449 eoaaipi
415 3368 534 3450 potest.

315 3477 386 3550 Vll.
405 3483 519 3552 -Ει
551 3482 616 3552 hae
633 3492 723 3555 tanto
746 3485 984 3556 munditiarum
1010 3505 1123 3557 amore
1149 3505 1226 3555 mex
1254 3505 1295 3554 en

264 3610 405 3672 ventum
422 3614 494 3688 eet,
516 3614 553 3674 ut
578 3605 737 3698 quidquid
762 3607 813 3676 vel
831 3607 1088 3698 neglectiorem,
1113 3607 1166 3676 vel
1195 3628 1296 3698 aspe-

298 3924 337 3994 (l)
348 3923 496 3996 blajnragii
511 3941 577 3980 enm
591 3925 699 3983 Nienlin
712 3929 748 3984 de
761 3928 900 3985 Ciceronis
912 3927 1062 3984 Paradoxis
1074 3930 1292 3986 controversiam

262 4021 297 4061 ex
311 4005 429 4063 consilio
441 4007 598 4075 omisimus,
614 4025 675 4081 quae
688 4009 777 4081 magis
792 4011 899 4083 privata
912 4009 965 4065 luit
985 4026 1071 4083 quam
1091 4010 1215 4082 publiea,
1241 4029 1292 4070 nec

261 4102 326 4144 enm
337 4089 468 4148 universo
483 4089 730 4150 Cleemniannrum
742 4093 817 4152 bello
829 4092 910 4150 nobis
921 4091 1031 4152 ridetur
1042 4092 1190 4152 uulnerare.
