2950 4820
658 303 834 372 ..60-

232 443 432 544 languidae,
450 446 647 544 etcffcctctc
659 440 898 518 imitatiuncclc
915 442 1061 538 frutus,
1081 445 1145 537 ipsi
1162 443 1257 517 vide-

233 580 339 643 retur.
374 597 390 635 a
417 569 460 642 Ut
480 571 577 662 pueri
598 570 701 663 pedes
725 589 785 660 per
804 566 939 640 delicias
966 566 1052 638 male
1074 575 1198 660 ponunt
1222 575 1260 639 et

231 691 355 763 imitari
369 692 476 762 vatins
492 692 638 776 discunt,
658 691 705 762 sie
722 690 798 776 iste,
815 709 894 761 curn
910 695 1003 760 recle
1017 687 1162 760 scribere
1177 708 1258 780 pos·

232 821 296 901 set,
316 813 431 884 maluit
442 834 546 905 pravo
559 812 733 906 elegantiae
750 811 860 884 studio
876 811 1012 884 flectere
1030 811 1212 882 orationem
1224 818 1259 880 et

233 955 441 1006 enervare.»
472 933 684 1026 Reprehensa
711 943 822 1005 autem
845 932 909 1024 illa
922 932 1026 1004 nimia
1049 940 1259 1025 praeposterae

231 1054 403 1125 latinitatis
429 1054 610 1146 religione,
633 1075 700 1126 non
725 1055 800 1126 ideo
825 1053 1021 1127 Ciceronem
1041 1053 1180 1146 negligit
1202 1063 1260 1126 aut

231 1175 420 1270 posthabet,
441 1197 541 1268 quem
557 1184 671 1247 contra
688 1177 811 1268 saepius
831 1197 871 1247 ao
891 1176 997 1248 insius
1014 1175 1145 1264 laudet,
1165 1176 1259 1266 euius

233 1297 334 1368 etiarn
352 1297 438 1368 sales
459 1297 615 1369 delendat
630 1320 652 1368 a
672 1295 787 1369 Tacito
805 1299 838 1369 in
861 1297 991 1390 dialogo
1009 1292 1050 1368 dc
1067 1295 1262 1369 Oratoribus

225 1415 340 1511 jejune
355 1414 581 1510 reprehensos.
600 1418 696 1490 Illum
713 1419 802 1490 enirn
816 1439 984 1490 summurn
992 1417 1194 1510 eloquentiae
1203 1439 1262 1509 pa·

232 1547 316 1609 trem
329 1539 497 1631 discipulis
515 1541 693 1632 apneritia
709 1550 763 1625 et,
788 1549 824 1612 ut
838 1539 883 1612 ita
896 1538 1019 1625 dicam,
1042 1561 1069 1610 a
1087 1539 1261 1610 cunabulis

232 1660 494 1753 admovendnm3
520 1663 657 1756 ejusque
680 1664 877 1738 felicissimae
899 1673 932 1736 et
956 1663 1120 1736 uberioris
1143 1662 1262 1735 lacun-

231 1781 299 1854 diae
315 1781 399 1854 laete
409 1793 540 1856 teneros
545 1786 705 1876 juvenum
716 1785 844 1858 animos
852 1785 990 1858 alendos
1001 1806 1077 1857 esse
1086 1784 1258 1876 praedicat.

231 1902 318 1974 Dum
336 1914 447 1978 autem
461 1905 517 1978 illa
532 1907 741 1995 hortabatur,
766 1908 874 1980 Taciti
888 1908 1032 1980 aennulus
1048 1909 1119 1998 ipse
1140 1915 1175 1977 et
1189 1904 1263 1976 'lul-

231 2023 327 2098 lianae
335 2027 484 2101 desertor
494 2029 677 2121 latinitatis,
690 2031 1010 2122 plurimosjuvenes,
1023 2039 1060 2102 ut
1066 2029 1263 2120 plerumque

232 2147 370 2233 accidit,
388 2149 560 2241 imperitos
581 2151 737 2242 exemplo
754 2171 815 2224 sno
835 2153 870 2221 in
885 2151 1044 2221 adversas
1060 2157 1172 2241 partes
1192 2156 1262 2218 tra·

232 2267 344 2340 hebal.
365 2268 461 2341 Unde
478 2270 512 2341 in
527 2271 616 2342 illius
632 2273 744 2344 saeculi
758 2274 825 2344 fine
839 2280 956 2344 exorta
978 2281 1029 2344 est
1044 2272 1149 2343 altera
1161 2269 1262 2341 lontio

231 2389 330 2482 longe
345 2389 477 2462 diversa
493 2390 536 2462 ab
554 2391 608 2463 illa
617 2414 694 2486 quae
704 2393 795 2465 initio
804 2394 972 2503 floruerat.
988 2380 1184 2485 Cuiquidern
1196 2409 1263 2461 non

228 2511 296 2603 jam
313 2534 404 2586 curae
421 2523 455 2585 et
472 2514 566 2588 cordi
583 2516 673 2588 luere
692 2517 831 2588 solerter
852 2537 892 2590 ac
912 2516 1057 2592 studiose
1080 2513 1263 2606 composita

230 2633 408 2707 verborum
425 2637 614 2727 concordia,
629 2647 662 2708 et
673 2637 819 2732 liquidus
833 2639 990 2712 orationis
1005 2637 1140 2723 candor,
1157 2645 1263 2706 etnu-

231 2759 354 2828 merosl
368 2760 607 2831 sententiarum
622 2760 797 2847 circuitus,
810 2769 845 2832 et
855 2761 1092 2853 elegantiarum
1108 2759 1261 2850 lepores,

230 2886 264 2948 et
285 2877 443 2950 clausulae
459 2878 609 2972 legitime
624 2892 798 2973 sonantes;
818 2883 877 2953 sed
893 2881 995 2954 multo
1016 2882 1126 2974 potius
1147 2876 1203 2977 (l)
1218 2900 1264 2950 cx

230 2999 366 3071 consilio
384 2998 507 3074 hiulcae
521 3015 555 3073 et
571 3003 745 3075 salebrosae
758 3025 880 3076 vocurn
893 3003 1073 3095 junctura,
1094 3010 1129 3075 et
1139 3023 1265 3095 ampu-

229 3129 300 3192 tata
315 3123 556 3194 sententiarum
571 3123 731 3210 membra,
756 3133 790 3195 et
808 3132 1007 3198 transverse
1021 3135 1078 3198 aut
1095 3123 1262 3216 ambiguae

230 3243 409 3316 verborum
424 3243 695 3338 significationes,
711 3255 744 3318 et
760 3245 915 3320 obsoletae
933 3269 973 3319 ac
992 3269 1094 3340 prope
1111 3245 1263 3318 rancidae

230 3364 361 3439 dicendi
374 3368 503 3460 formae,
520 3378 555 3442 et
572 3389 711 3461 operosa
728 3368 868 3460 denique
880 3369 1025 3442 brevitas
1036 3379 1093 3441 aut
1101 3368 1264 3461 asperitas

230 3490 406 3582 exquisita.
428 3493 483 3566 Sic
495 3494 584 3566 intra
595 3513 719 3586 paucos
730 3513 835 3566 annos
846 3493 880 3563 in
896 3493 1082 3566 litterarum
1092 3490 1264 3584 republica

263 3757 301 3829 (l)
315 3779 331 3812 a
341 3730 528 3833 Antiquatunr
538 3762 651 3836 penitus
665 3765 750 3836 atque
764 3761 922 3818 obsoletum
938 3758 1050 3818 dicendi
1069 3773 1158 3830 genus
1182 3755 1265 3814 affec-

226 3849 323 3907 unt...
341 3841 466 3903 Rancida
479 3844 515 3900 ad
531 3845 591 3902 haec
604 3846 690 3903 rerba
714 3845 817 3920 puerili
840 3845 963 3918 quodm
988 3841 1096 3916 judicio
1119 3840 1264 3898 miscendo

227 3925 377 3998 κακοζηλίᾳ
401 3923 495 3982 uitiosi
507 3925 736 3983 contaminant...
752 3924 815 3992 Quo
829 3925 862 3981 lit
876 3930 909 3983 ut
923 3924 1041 3981 obseura
1062 3927 1090 3979 et
1103 3920 1262 3988 tenebrosa,

225 4024 345 4083 queque
365 4008 445 4067 Delio
467 4012 593 4066 notatora
614 4014 713 4080 egeat,
730 4007 834 4068 'exista
855 4007 954 4067 oratio.
967 4027 982 4062 u
997 4005 1067 4078 (dic.
1093 4023 1109 4064 a
1135 4005 1262 4064 eduma.

100 4109 102 4114 ·
227 4090 305 4150 vind.
319 4091 412 4154 Andr.
421 4089 529 4154 Schott.
542 4089 677 4166 prefect
