2950 4820
723 284 898 348 ...w-

298 426 485 510 Quinetiam
501 445 544 494 eo
559 443 612 494 res
627 423 720 494 bravi
737 424 922 514 prooessit,
946 431 982 491 ut
996 420 1149 491 ''Bembus
1170 422 1259 513 ipse,
1277 422 1337 492 vir

298 547 424 640 placido
438 554 472 616 ct
484 545 606 615 imbelli
622 545 767 636 iugenio,
782 566 803 614 a
819 545 886 614 suis
902 551 1169 636 praeverteretur.

346 669 510 761 Namque,
535 666 808 737 insolescentibus
831 664 1149 757 animis,}ltalcrum
1174 665 1259 736 iscla
1280 673 1338 735 est

299 791 493 880 coniuratio,
507 788 557 858 his
572 787 698 858 scilicet
712 787 825 877 pusilis
839 785 895 856 icti
910 785 1045 855 laederis
1060 785 1309 855 conditionibus
1323 807 1332 855 :

300 911 419 1002 primo,
434 910 576 1001 nequod
590 910 744 993 verbum,
756 909 819 978 nisi
833 908 927 978 Tullii
938 908 1134 980 auctoritate
1146 916 1331 992 sacratum,

299 1030 504 1124 prolerrcnt3
522 1030 682 1118 secundo,
702 1052 745 1100 nc
764 1051 966 1122 quemquam
983 1030 1042 1099 uisi
1059 1029 1175 1100 ltulurn
1192 1029 1336 1119 Cicero·v

298 1154 472 1222 niauorum
493 1166 632 1221 numero
646 1151 887 1222 adscriberent.
908 1150 972 1242 lpsi
989 1151 1096 1234 euim,
1120 1151 1212 1242 quasi
1228 1149 1337 1240 patrio

295 1273 387 1364 jure,
408 1274 567 1345 Tulliauae
587 1272 747 1343 sacundiae
767 1272 994 1342 hereditatem
1023 1272 1085 1340 sibi
1110 1271 1333 1361 vindicantes

299 1403 437 1465 caeteros
455 1395 596 1484 Europae
612 1393 725 1463 doctos
740 1401 776 1461 ut
790 1391 951 1462 Barbaros
967 1391 1149 1477 habebant,
1165 1401 1198 1462 et
1212 1391 1337 1462 Rreuni

300 1525 357 1585 aut
375 1513 516 1584 Arminii
537 1522 675 1603 nepotes
698 1521 900 1604 praepostera
923 1512 1077 1603 superbia
1102 1511 1332 1598 fastidiebant,
1381 1575 1382 1580 ,

301 1635 429 1726 objecta
442 1634 582 1716 scilicet,
597 1653 662 1702 nou
676 1634 745 1703 sine
759 1633 902 1725 quadam
917 1633 1009 1702 verbi
1020 1632 1155 1718 invidia,
1167 1632 1337 1703 Gallorum

299 1765 335 1827 ct
351 1756 540 1826 Teutonum
559 1753 796 1845 appellatione.
823 1754 936 1845 ltaque
955 1754 1063 1824 edicto
1084 1763 1222 1825 vetuere
1240 1776 1283 1824 ne
1302 1754 1338 1824 in

302 1877 442 1968 publicis
469 1875 568 1947 ltaliae
588 1876 719 1945 scholiis
749 1877 939 1968 legerentur
970 1876 1079 1945 uuuaer
1113 1884 1170 1944 aut
1200 1875 1332 1946 Erasini

301 2020 423 2092 opera,
441 1999 612 2069 illustrium
628 2001 788 2083 virorum,
809 2018 952 2090 quorum
969 2018 1090 2068 nornen
1107 1998 1158 2068 his
1175 1997 1334 2088 tempori·

302 2121 364 2192 bus
378 2143 437 2212 per
453 2121 599 2190 omnium
618 2142 677 2192 ura
692 2121 869 2201 volitabat;
891 2121 948 2212 qui
966 2141 1043 2190 vero
1062 2121 1094 2188 in
1111 2121 1334 2190 Romanorum

302 2241 485 2311 litterarum
499 2241 672 2332 republica
690 2242 843 2312 homines
862 2242 938 2311 novi
954 2251 987 2310 et
1003 2241 1151 2332 inquilini
1167 2241 1260 2312 cives
1272 2238 1334 2311 lta·

302 2362 343 2433 lis
356 2363 565 2434 videbantur.
585 2363 674 2455 Ergo
690 2363 736 2434 illi
751 2363 943 2435 ferocissimi
960 2363 1149 2435 vernaculae
1163 2364 1333 2434 latinitatis

303 2483 462 2555 satellites
480 2484 640 2555 excubias
662 2487 825 2576 agebant,
848 2505 891 2554 nc
913 2493 1077 2556 externus
1093 2506 1204 2556 sermo
1222 2507 1241 2555 c
1259 2485 1333 2554 Gal-

301 2606 345 2676 lia
362 2614 418 2676 aut
430 2605 606 2676 Germania
622 2607 805 2698 praesertim
819 2604 957 2697 Alpinos
971 2607 1054 2675 fines
1068 2605 1330 2688 transcenderet,

303 2738 337 2798 et
355 2727 573 2798 Ciceroniana
592 2728 726 2798 candori
745 2729 855 2801 labem
871 2729 1099 2820 adspergeret.

350 2848 441 2918 Unus
469 2857 579 2918 tamen
603 2851 688 2919 inter
714 2849 898 2934 barbaros,
924 2848 1179 2939 Christophorus
1209 2848 1332 2919 scilicet

302 2967 504 3059 Longolius,
533 2967 694 3059 singulari
723 2969 868 3059 quodam
896 2970 1002 3053 douo,
1028 2969 1163 3041 civitate
1189 2969 1331 3041 Romana

302 3083 444 3154 donatus
473 3083 551 3168 luit,
584 3104 650 3154 non
676 3105 756 3154 vero
781 3086 852 3155 sine
875 3085 977 3155 multo
998 3085 1128 3172 labore,
1153 3087 1329 3180 multisque

302 3204 597 3276 controversiarum
629 3205 824 3297 ambagibus
850 3202 920 3302 (l).
950 3206 1168 3299 Quiquitlem,
1202 3218 1238 3278 ut
1270 3229 1329 3279 nos

302 3326 400 3397 docet
415 3325 537 3396 Paulus
554 3323 753 3422 loviusffl),
774 3353 789 3390 o
807 3347 906 3396 aureo
922 3326 1041 3398 Leonis
1058 3329 1184 3398 Decimi
1199 3329 1329 3421 pontill-

303 3457 400 3533 catu,
425 3450 562 3519 Romam
580 3449 694 3536 venit,
717 3449 800 3520 adeo
821 3448 1027 3520 dissimulata
1051 3451 1178 3542 ingenii
1204 3450 1329 3542 proles-

302 3570 414 3658 sione,
435 3580 471 3641 ut
487 3572 588 3642 rubro
606 3575 691 3664 pileo
707 3582 740 3643 et
758 3573 913 3643 adstricta
936 3573 1055 3665 penula
1075 3573 1327 3643 ¹semi-Germani

302 3666 416 3762 militis
441 3693 588 3762 habitum
607 3697 815 3784 mentiretur,
831 3695 952 3787 quippe
966 3695 1017 3765 cui
1032 3713 1128 3764 mens
1148 3703 1219 3764 erat
1236 3691 1328 3765 avide

338 3997 377 4066 (ll
390 3998 432 4054 Dc
445 3997 498 4054 huc
512 3997 576 4055 vide
589 3997 688 4054 Bembi
701 3999 736 4056 orl
747 3950 863 4071 Longul.
880 3999 984 4073 Epist,
1002 3999 1054 4056 lib.
1065 4017 1094 4067 v,
1110 4015 1140 4073 p.
1154 3997 1208 4057 aab
1222 4007 1252 4056 ct
1267 3997 1325 4054 282.

340 4084 377 4156 (2)
391 4083 471 4143 Paul.
484 4083 547 4141 Jor.
563 4117 594 4129 ·-
610 4084 728 4156 Lougol.
744 4083 804 4141 vu.
