2950 4820
467 1225 481 1263 ⁸
517 1139 640 1210 BELLI
665 1137 808 1210 ORIGO.

203 1546 245 1617 V.
270 1587 312 1599 -
336 1545 437 1619 aHoc
451 1547 588 1634 saecuto,
605 1546 714 1638 inquit
723 1523 885 1619 Erasmus
902 1542 974 1641 (t),
988 1544 1102 1616 neseio
1115 1565 1181 1636 qno

149 1666 239 1744 tatab
272 1668 415 1740 tumultu
433 1688 579 1780 seorsum
596 1665 749 1738 deorsum
770 1667 951 1736 miscentur
964 1667 1095 1748 omnin,
1111 1663 1181 1736 sive

150 1789 341 1860 christianae
358 1783 536 1880 religionis
543 1787 690 1859 studium
707 1785 878 1877 inspicias,
897 1785 968 1854 sive
985 1785 1182 1858 monarchae

150 1930 228 1988 rum
247 1929 409 1980 acrarum
424 1908 630 1999 publicarum
648 1907 869 1984 conditionem
882 1915 1033 1998 reputes,
1051 1906 1120 1976 sive
1135 1905 1183 1976 lit·

150 2040 299 2104 terarnm
323 2035 484 2101 rationem
502 2030 699 2100 intueare».
722 2029 874 2100 Proiecto
899 2027 1033 2101 cuilibet
1052 2028 1087 2098 in
1106 2027 1182 2100 uni-

150 2173 291 2224 versnm
312 2153 420 2224 aetatis
443 2153 531 2224 ittius
552 2150 762 2227 Erasmianae
781 2172 892 2224 mores
915 2159 949 2222 et
970 2150 1106 2242 ingenia
1129 2151 1183 2220 in·

149 2275 259 2346 tuenti
281 2275 346 2346 hoc
360 2277 505 2347 maxime
523 2277 707 2368 apparebit,
732 2277 856 2361 omnia,
872 2295 1084 2366 quaecunque
1100 2272 1180 2358 sint,

149 2395 185 2468 in
203 2405 313 2486 partes
328 2417 367 2468 ac
382 2375 498 2467 turbas
517 2398 612 2469 verti.
635 2399 692 2470 Sui
710 2399 799 2473 enim
816 2399 936 2470 litteris
952 2397 1031 2489 ipsis
1042 2404 1118 2470 sunt
1131 2403 1182 2466 tu·

149 2517 289 2601 multos,
314 2539 374 2588 sna
394 2519 492 2608 betta,
521 2521 694 2605 factiones,
717 2522 904 2607 dictatura,
921 2522 1177 2608 triumviratus,

148 2639 207 2709 vix
224 2639 324 2709 etiam
340 2641 493 2710 manibus
511 2642 706 2726 abstinetur,
725 2651 762 2732 ut
779 2643 864 2713 ferra
876 2651 913 2728 ct
930 2643 1000 2732 igni
1015 2642 1179 2714 Aristote-

146 2762 188 2832 lis
203 2771 261 2832 aut
271 2761 440 2834 Ciceronis
454 2763 556 2837 decus
570 2785 609 2834 ao
627 2764 788 2834 memoria
804 2762 845 2834 ab
868 2762 987 2853 injuria
1004 2761 1180 2852 vindicen-

56 2903 58 2910 ’
147 2895 216 2956 tur.
228 2885 402 2978 Nunquam
416 2887 559 2956 invivos
573 2885 753 2978 promptior
766 2885 826 2956 fnit
840 2861 902 2970 ira,
918 2905 1027 2978 neque
1043 2886 1076 2954 in
1092 2905 1176 2958 mon·

147 3015 224 3078 tuos
236 3007 341 3098 pietas
353 3009 509 3080 atrocior.

198 3129 323 3202 Abhoc
334 3140 447 3206 autem
464 3132 687 3225 temporejam
701 3141 770 3205 tum
783 3132 956 3210 discordiae
966 3138 1176 3216 exarserant,

148 3272 214 3344 qno
240 3252 334 3325 bonae
359 3263 448 3339 artes
471 3266 639 3347 ceperant
660 3256 693 3326 in
720 3255 853 3347 Europa
875 3255 995 3325 iterum
1023 3254 1177 3324 etflores-

148 3393 238 3444 cere.
253 3399 271 3441 a
285 3374 411 3470 Atiiffl)
427 3377 1007 3469 enimprorsusnolebantqnidquam
1018 3373 1175 3464 politioris

128 3491 129 3496 ’
147 3495 340 3568 litteraturae
358 3498 573 3588 reviviscere,
587 3521 629 3570 ne
648 3499 725 3591 quid
743 3499 805 3590 ipsi
821 3499 951 3569 nescire
966 3487 1170 3570 uiderentur.

146 3619 276 3689 Rursus
294 3619 348 3690 alii
379 3619 526 3690 mitiores
542 3621 724 3692 Romanam
742 3621 1067 3714 linguamutcunque
1078 3622 1175 3695 laturi

148 3739 361 3825 videbantur,
382 3741 530 3812 Graeoam
543 3750 577 3813 et
594 3741 788 3812 Hebraicam
805 3743 892 3813 nullo
908 3754 1003 3835 pacto
1015 3741 1178 3833 recipien-

184 4041 222 4114 (1)
234 4043 358 4104 Ciceron.
373 4045 571 4120 Dicat-prorsam

184 4126 223 4200 (8)
236 4127 345 4190 Eresm.
358 4129 462 4204 Epist,
477 4131 572 4200 flacit,
585 4133 619 4192 13
632 4139 685 4190 oct.
702 4133 782 4191 1522.
