2950 4820
707 296 883 362 48...

279 438 512 534 catatonum,
532 459 643 510 aarum
659 433 759 509 olium
772 435 922 531 eccmplo
936 456 993 506 suo
1011 431 1188 530 quamlibet
1200 435 1308 530 piaris

278 561 408 657 subjicit
418 558 578 646 calcario,
592 558 716 631 duobus
724 559 844 632 libellis
852 567 987 631 testulus
996 567 1153 654 auciacum
1162 558 1310 653 ctscucct

276 684 406 780 maluti,
423 693 455 755 cl
467 683 596 777 inuenio
611 679 832 777 facundiaque
846 681 982 777 pollcul.
997 713 1011 746 u
1028 681 1063 753 ln
1083 681 1185 754 Dacia
1198 691 1311 774 postea

281 807 448 877 Sasonem
472 807 751 889 Grammaticam‚
785 806 818 875 in
841 803 996 876 Zelaadia
1024 803 1204 876 Adrianum
1233 795 1313 874 Bar-

281 927 436 1013 landum,
458 930 614 999 nominat.
635 915 750 1020 Neque
765 927 969 1000 Hollandiom
986 928 1112 1020 ipsam,
1131 927 1227 1018 cujus
1240 925 1311 1018 ipse

280 1057 482 1134 oratorem,
511 1071 574 1120 nec
600 1071 699 1121 snum
724 1071 845 1121 nomen
874 1060 931 1120 aut
964 1049 1143 1139 imaginem
1175 1047 1308 1117 omittit.

281 1169 519 1263 Quomqutaen
543 1171 709 1246 levissima
721 1181 754 1242 el
769 1172 939 1242 liberrima
956 1193 1068 1260 manu,
1082 1191 1143 1241 nec
1159 1169 1226 1240 ulla
1240 1169 1312 1259 glo·

282 1295 341 1364 rice
355 1295 532 1364 ambitione
555 1295 712 1378 locatam,
733 1316 796 1366 nec
818 1295 898 1365 laisa
917 1293 1115 1365 verecundia
1130 1293 1305 1374 minutam,

283 1416 327 1486 ila
354 1416 536 1486 describit:
564 1417 758 1486 «Erasmus
781 1417 905 1487 scilicet
926 1414 1035 1507 abjicit
1062 1433 1101 1487 ac
1127 1414 1308 1507 praecipitat

281 1538 413 1620 omnia,
431 1559 494 1609 neo
512 1541 614 1631 parit,
637 1540 695 1610 sed
712 1539 851 1624 abortit,
880 1536 1047 1610 interdum
1069 1541 1199 1631 justum
1218 1537 1311 1607 volu-

281 1679 359 1728 men
371 1661 484 1730 scribit
500 1670 589 1731 stans
603 1661 822 1752 poletrum,
846 1683 906 1732 nec
923 1681 1065 1752 unquam
1081 1667 1189 1751 potest
1200 1655 1305 1750 impe-

171 1775 174 1782 ‘
259 1801 354 1862 ,rare
371 1785 482 1854 animo
499 1805 559 1855 suo
580 1795 616 1855 ut
631 1786 683 1856 vel
702 1785 804 1856 semel
820 1787 945 1877 relegat
965 1783 1050 1878 quod
1077 1784 1221 1874 scripsit,
1239 1797 1304 1852 nc'c

281 1905 370 1975 aliud
389 1911 488 1997 quam
507 1909 640 1998 scripsit
657 1909 793 1995 scribat,
814 1930 904 1992 cnm,
923 1916 998 2000 post
1013 1907 1174 1992 diutinam
1189 1903 1305 1975 lectio·

281 2047 376 2112 nom,
402 2028 536 2097 demum
562 2028 604 2098 ad
630 2029 795 2100 calamum
825 2031 868 2100 sil
894 2029 1111 2112 veniendum,
1138 2027 1239 2118 idq'ue
1271 2025 1307 2092 iil

280 2167 366 2217 roro.
385 2149 469 2232 Quid
483 2150 570 2241 qood
589 2171 631 2221 ne
656 2152 787 2222 allectat
803 2151 934 2242 quidem
966 2151 1113 2221 Tulliano
1141 2170 1233 2219 more
1261 2147 1310 2217 di-

279 2289 368 2353 core,
387 2291 451 2339 non
468 2273 635 2342 abstinens
652 2294 672 2342 a
698 2275 835 2343 vocibus
854 2273 1058 2363 theologicis,
1075 2273 1210 2342 interim
1226 2289 1269 2340 ne
1286 2289 1306 2338 a

277 2389 417 2461 sordidis
431 2393 578 2483 quidem.
606 2425 619 2454 a
637 2430 686 2444 -
703 2390 779 2465 blox
793 2403 904 2465 autem
930 2394 992 2462 alio
1010 2413 1211 2477 conversus,
1233 2394 1309 2483 ¹pro·-

277 2509 445 2600 doctaqoe
463 2511 742 2602 peregrinatione,
762 2513 796 2582 in
820 2512 996 2582 Germania
1021 2511 1305 2594 Melanohtonem,

278 2630 422 2700 amicum
438 2653 549 2716 suum,
567 2631 705 2716 indicat,
725 2662 743 2696 n
755 2631 962 2726 quoquidem
979 2631 1113 2722 ingenio
1126 2629 1208 2700 nibil
1218 2638 1307 2699 esset

278 2750 418 2834 leliciuS,
432 2753 459 2822 si
477 2762 564 2823 tolus
575 2755 678 2824 musis
695 2765 843 2825 vacasset
862 2781 892 2822 n.
920 2755 956 2824 ln
972 2750 1133 2823 Sarmatia
1151 2753 1222 2842 ipsa
1237 2750 1306 2820 Aa·

277 2873 389 2942 dream
404 2873 560 2963 Critiom,
580 2884 693 2967 alque,
708 2877 831 2946 omissa
853 2874 1045 2960 Lusitania,
1066 2873 1122 2944 abi
1150 2871 1305 2943 Osorinm

279 2995 474 3079 invenisset,
488 2998 545 3085 qui
559 2997 677 3067 Cicero
695 2997 900 3068 Christianus
917 2997 1024 3066 dictus
1037 3003 1100 3080 est,
1124 2995 1159 3067 in
1175 2995 1303 3086 Hispa-

276 3118 455 3188 nioVivem
464 3123 569 3210 primo
581 3121 799 3210 praeleritum‚
813 3129 927 3211 postea
938 3119 1099 3210 adjectum
1110 3115 1180 3213 (l),
1194 3127 1299 3207 notat,

277 3239 334 3329 qui
353 3238 420 3309 sere
441 3260 528 3309 unus
552 3240 641 3309 inter
659 3240 771 3310 doctos
798 3241 928 3310 Erasini
949 3241 1062 3331 signa,
1085 3249 1160 3331 post
1176 3236 1302 3309 editam

276 3361 440 3452 dialogum
448 3360 650 3432 abomnibus
660 3360 805 3445 deserta,
819 3360 945 3432 sortiter
958 3369 1091 3431 seculus
1106 3369 1169 3442 est,
1185 3369 1219 3430 el
1231 3359 1302 3450 inse

276 3501 336 3571 pro
347 3483 430 3552 virili
448 3483 588 3575 partein
608 3481 718 3576 quicto
739 3479 780 3552 ola
804 3479 963 3576 corruptis
978 3479 1110 3553 Artibus
1120 3479 1216 3552 Libro
1230 3479 1302 3549 mi-

275 3603 393 3672 litavit.
426 3605 660 3696 Cansquidem
677 3604 906 3674 commilitium
928 3624 993 3673 non
1018 3623 1096 3673 sane
1111 3601 1303 3692 dedignan-

274 3725 354 3793 dum
374 3735 456 3808 erat,
474 3747 550 3795 cum
567 3727 654 3796 inlcr
671 3726 767 3816 hujus
780 3727 889 3796 aetatis
902 3726 992 3797 viros
1009 3727 1110 3816 vulgo
1122 3722 1303 3794 Budaeoin·

271 4114 289 4169 2
308 4031 345 4101 (1)
369 4029 408 4086 Dc
420 4029 464 4085 bis
479 4030 536 4086 vid.
552 4030 660 4086 Erasrn.
677 4029 766 4102 Epist.
783 4027 886 4085 loanni
898 4027 1040 4084 liudovico
1054 4024 1118 4081 vivi
1137 4024 1298 4091 Valentino,

304 4124 372 4189 sept.
389 4115 467 4170 1528.
