2950 4820
653 261 829 325 *69⁹*-

221 401 357 472 tandem
375 401 567 492 Scioppius,
585 419 663 470 oum
689 399 732 470 sit
747 399 895 469 nominc.
908 399 1135 489 appellandus,
1154 399 1186 469 in
1202 421 1260 470 no·

222 524 361 594 vissima
382 520 675 594 Ciceroniauorum
699 523 857 613 agmine,
878 522 945 614 jam
973 523 1073 594 lracta
1098 530 1131 591 et
1159 521 1260 593 armis

222 644 374 728 desueta,
392 643 507 715 rabido
524 642 623 712 dente
645 642 802 714 irruerat.
821 642 927 726 Quem
945 641 1035 712 adid
1060 641 1183 711 bellum
1203 663 1256 712 re·

222 765 409 836 novandum
426 762 623 856 impulerat,
640 773 762 858 praeter
775 765 908 834 insitum
924 763 1101 854 cujuslibet
1131 783 1258 854 magum

221 887 319 957 lamae
345 887 457 957 odium
481 893 515 955 et
542 884 780 955 discordiarum
806 905 972 969 amorem,
1000 893 1154 976 suscepta
1181 879 1258 955 curn

222 1008 443 1100 Scaligcrana*
458 1015 559 1097 gentc
581 1005 753 1077 inimicitia
777 1001 847 1100 (l).
871 1005 955 1076 Cum
979 1008 1068 1076 enim
1094 1005 1260 1099 Iosephus

223 1130 385 1221 Scaliger,
403 1127 494 1198 velut
510 1127 711 1199 haereditatis
723 1128 812 1219 jure,
833 1126 1061 1198 Ciceronianae
1081 1128 1188 1199 landis
1202 1149 1259 1220 pa-

222 1249 400 1320 trocinium
420 1249 481 1319 sibi
500 1249 696 1333 vindicaret,
724 1248 803 1320 satis
821 1259 893 1319 erat
909 1248 1063 1341 Scioppio
1089 1269 1149 1321 cur
1167 1249 1260 1320 Cice·

223 1392 339 1441 ronem
354 1370 536 1442 maledictis
548 1382 581 1443 et
597 1371 758 1444 conviciis
772 1373 946 1444 laceraret.
962 1372 1143 1471 Furenlem
1158 1372 1262 1462 igitur

223 1493 498 1596 lymphatumque
508 1495 853 1587 libellum‘quemdam
867 1495 1038 1566 Mediolani
1055 1495 1172 1580 edidit,
1191 1515 1259 1564 ou-

219 1617 271 1705 ]us
292 1637 395 1687 unum
423 1617 616 1709 exemplum
642 1618 679 1686 in
704 1615 845 1686 Galliam
869 1616 1004 1686 allatum
1030 1616 1199 1689 balzacius
1220 1637 1258 1686 sc

221 1740 346 1811 vidisse
361 1741 461 1812 tradit
474 1737 545 1836 (b)
569 1739 698 1831 Quippe
715 1738 889 1830 improbus
904 1740 958 1810 ille
973 1738 1174 1832 syllabarum
1196 1762 1256 1810 au·

222 1880 315 1953 ceps,
341 1862 397 1953 qui
419 1861 506 1952 apud
532 1845 780 1951 probatissimos
797 1869 949 1932 veterum
973 1881 1013 1931 ac
1032 1861 1257 1932 recentiorum

221 1991 407 2075 temporum
433 1992 585 2054 auctores
608 1982 813 2053 soloecismos
841 1993 874 2054 ct
903 1983 1130 2054 barbarismos
1158 1991 1256 2054 acuto

220 2125 300 2176 nare
325 2105 544 2177 subodoratus
570 2116 657 2192 erat,
685 2127 728 2175 nc
758 2104 918 2176 Tullianae
946 2106 1081 2198 quidem
1110 2105 1257 2178 latinita-

219 2229 243 2296 ti
267 2248 408 2318 parcere
437 2228 551 2301 voluit.
573 2228 695 2299 lisdem
721 2227 790 2300 icre
809 2229 987 2302 criminum
1014 2237 1048 2300 ct
1077 2228 1256 2301 convicio-

220 2371 294 2421 rum
316 2351 486 2442 tragoediis
504 2349 574 2447 (5),
595 2338 716 2445 quibus
742 2354 819 2424 olim
839 2351 950 2424 tutius
972 2352 1083 2424 Cacsar
1107 2352 1256 2442 Scaliger

215 2471 394 2546 Erasmum
419 2474 600 2544 insectatus
624 2484 715 2553 erat,
745 2475 940 2548 Latinorum
973 2480 1145 2546 oratorum
1168 2474 1259 2565 prin·

220 2594 348 2686 cipum,
375 2581 574 2666 barbarismi
598 2615 714 2679 reum,
740 2596 920 2669 lacessivit.
959 2595 1124 2688 losephus
1148 2605 1258 2667 autem

218 2715 367 2808 Scaliger
380 2727 476 2788 suam
501 2715 756 2810 Tullianumque
770 2717 920 2802 domum,
936 2718 1033 2810 quasi
1057 2717 1255 2809 cognatione

215 2837 366 2928 junctam
382 2847 574 2931 utramque,
593 2840 761 2911 communi
777 2841 900 2932 pietate
917 2840 1105 2933 codemque
1123 2838 1256 2931 injuria·

218 2968 340 3030 mmet
357 2961 610 3033 maledictorum
630 2961 724 3053 copia
752 2962 854 3034 tuitus
873 2971 939 3050 est,
958 2983 1022 3034 nec
1041 2963 1177 3056 ‘proprio
1202 2970 1254 3032 ta-

219 3101 298 3151 men
314 3083 448 3154 nomine
461 3081 590 3154 famoso
606 3083 659 3154 isti
677 3080 832 3177 Scioppio
853 3084 1057 3177 respondere
1082 3083 1253 3174 dignatus.

254 3398 291 3471 (1)
314 3401 491 3474 rnerprauue
515 3403 623 3460 serrum
646 3410 674 3458 et
698 3367 864 3458 inimiciora}
882 3397 1027 3459 naastan,
1051 3397 1142 3467 raptu
1165 3409 1257 3458 recum

218 3484 354 3556 gerondas
371 3485 557 3556 suscepimus.
571 3505 586 3535 a
597 3483 733 3556 (Scaliger
744 3484 989 3556 Hypobolimaeus,
1004 3501 1033 3557 p.
1045 3483 1121 3556 300.)

256 3565 425 3623 Vidcetiam
441 3567 614 3638 singularem
635 3566 669 3622 de
685 3567 780 3622 Nardo
799 3574 827 3622 et
839 3566 992 3639 Epitbymu
1004 3567 1224 3626 controversiam
1248 3592 1255 3623 ι

220 3649 424 3708 «Medicorum
437 3657 464 3706 et
474 3651 745 3723 pharmacopeorum
758 3651 872 3707 bonose
886 3648 1020 3724 Scaligeri
1037 3651 1186 3708 calumniis
1198 3652 1259 3709 viu-

219 3733 339 3790 dic‘alus.
351 3753 367 3786 u
876 3776 878 3789 ,

254 3818 291 3888 (2)
305 3818 414 3883 Balzac,
431 3817 522 3874 Leltro
534 3817 549 3873 d
562 3816 729 3891 Chapatain,
743 3817 803 3874 ΧΠ
818 3836 824 3872 ;
946 3855 948 3864 ,

252 3901 325 3956 «Au
336 3901 457 3972 premier
471 3903 547 3974 jour,
561 3904 590 3973 J'c
602 3904 751 3958 m'altends
766 3919 820 3976 quc
836 3904 861 3960 lc
879 3906 970 3961 mdmc
989 3904 1138 3977 Scioppius
1151 3903 1207 3958 lera
1220 3918 1258 3958 un

218 3993 297 4039 autre
312 3983 390 4050 livre,
405 4003 456 4058 par
469 3987 560 4058 lequel
577 3986 597 4041 il
615 3987 818 4060 entreprcndra
836 3988 871 4044 de
890 4004 1009 4060 prouver
1021 4005 1076 4060 que
1092 3987 1180 4044 Coton
1192 3984 1260 4042 erait

217 4081 256 4121 un
269 4064 402 4122 mechant
414 4068 527 4124 homme
538 4077 565 4126 el
576 4067 657 4126 Julcs
667 4070 752 4126 Cesar
763 4087 801 4126 un
813 4070 939 4130 mauvais
948 4073 1066 4128 soldat.»

257 4146 295 4218 (3)
311 4146 345 4204 V.
363 4147 473 4220 Baillat,
485 4149 502 4206 J
506 4164 654 4224 ngemcnts
665 4153 712 4210 des
727 4163 849 4211 savants.
