2950 4820
559 384 602 398 ..
626 349 669 417 35
691 387 736 398 ..

185 487 221 558 ln
238 487 303 558 hoc
316 505 395 556 vero
406 485 592 558 discrimine
603 486 760 574 Budaeus,
776 487 827 558 vir
842 497 998 559 caeterum
1016 487 1160 578 simplex

139 621 172 682 et
190 612 224 681 in
241 609 358 681 studiis
374 618 475 695 totus,
493 611 665 682 tamenvel
684 610 771 682 falsis
783 612 941 704 deceptus
953 609 1161 693 criminibus,

138 732 191 802 vel
214 730 304 801 Badii
325 731 507 817 vicinitate,
528 730 623 822 quasi
638 732 847 818 contumelia,
865 731 975 815 laesus,
996 729 1051 802 vel
1070 749 1166 822 prop-

138 863 190 926 ter
204 854 367 946 quoddam
382 852 523 924 verbum
538 852 580 922 de
593 873 665 923 oasa
674 852 741 944 joci
752 874 852 924 eausa
867 854 990 926 dictum
1005 851 1165 938 offensus,

142 975 241 1068 paulo
260 955 418 1046 subirasci
436 974 527 1044 visus
544 968 608 1042 est.
628 973 698 1043 lam
719 982 814 1044 antea
827 974 973 1045 nonnihil
1004 972 1171 1065 suspicio-

143 1097 432 1170 nisinterciderat.
450 1093 608 1164 Erasmus
625 1094 759 1186 quidem
775 1093 860 1165 laute
871 1116 946 1166 eum
961 1095 1171 1186 laudaverat;

146 1220 204 1292 sed
217 1224 282 1291 boo
296 1219 393 1288 lamae
410 1236 482 1286 suae
493 1216 710 1307 patrocinium
727 1217 768 1286 ab
783 1217 922 1287 Erasmo
938 1217 1124 1288 affectatum
1142 1225 1175 1286 et

150 1342 277 1433 saepins
292 1340 504 1410 decantatum
516 1338 664 1410 Budaeus
678 1341 816 1410 moleste
834 1340 967 1411 tulerat.
985 1338 1078 1410 Unde
1090 1339 1178 1409 inter

158 1463 293 1536 eos‘stei
328 1475 394 1532 non
419 1469 611 1554 eruperant,
628 1463 784 1534 suberant
799 1461 911 1535 tamen
928 1463 1063 1534 nonulla
1082 1462 1181 1532 dissi-

152 1585 195 1656 dii
210 1585 337 1655 semina
356 1609 365 1672 ;
385 1603 465 1653 mox
484 1583 585 1653 etiam
603 1583 728 1654 acriora
741 1585 827 1655 dicta
843 1593 959 1655 exorta
986 1592 1073 1655 sunt.
1101 1583 1181 1668 Sed,

151 1705 384 1798 adjuvantibus
419 1707 576 1799 utrinque
607 1697 773 1777 Germano
808 1708 919 1780 Brixio
952 1716 986 1778 et
1016 1706 1183 1780 Ludovico

151 1828 330 1920 Berquino,
349 1806 501 1900 'amicitia
526 1838 602 1919 post
619 1848 741 1899 annum
769 1829 918 1900 restituta
940 1838 1003 1901 est.
1028 1829 1188 1898 Erasmus

153 1948 241 2043 ipse,
260 1949 396 2020 minime
406 1948 574 2041 superbiae
590 1949 644 2019 vel
655 1949 899 2021 inimicitiarum
916 1960 1028 2040 tenax,
1051 1951 1135 2021 ultro
1147 1948 1188 2020 ad

154 2069 318 2141 Budaeum
343 2072 495 2162 scripsit:
517 2072 636 2143 «Vide
661 2069 715 2171 (l)
734 2095 833 2166 quam
859 2073 1035 2166 magnifice
1064 2073 1105 2142 de
1132 2081 1191 2142 tua

157 2194 317 2286 aequitate
339 2195 501 2280 sentiam,
525 2195 747 2267 eruditissime
771 2196 916 2286 Budaee,
938 2197 992 2290 qui
1008 2217 1072 2267 non
1088 2195 1191 2265 alium

158 2317 240 2388 mibi
248 2326 424 2409 patronum
438 2317 621 2410 delegerim
638 2343 737 2414 quam
754 2342 831 2392 eum
846 2321 899 2392 cui
916 2341 994 2392 rous
1005 2321 1190 2403 existimor,

161 2449 194 2511 et
208 2441 300 2532 euius
317 2440 471 2530 injuriam
488 2441 642 2514 videntur
656 2445 710 2514 isti
729 2445 856 2536 ulcisci.
873 2471 888 2508 n
907 2443 1050 2514 Budaeus
1065 2451 1193 2525 contra,

162 2562 279 2633 eodem
299 2559 400 2633 animi
419 2564 563 2635 candore
580 2573 613 2634 et
630 2566 795 2649 libertate,
815 2588 852 2637 se
871 2568 905 2636 in
920 2566 1069 2636 lraudem
1094 2562 1196 2633 nimia

165 2683 373 2775 simplicitate
392 2685 514 2774 saepius
532 2685 701 2767 incidisse,
721 2687 888 2776 professus
903 2694 963 2755 est.

214 2805 317 2876 XVll.
346 2844 394 2856 -
421 2805 609 2897 Composito
640 2808 771 2877 tandem
802 2809 865 2878 boc
895 2810 1021 2899 privato
1048 2804 1196 2892 dissidio,

165 2926 289 2997 bellum
309 2927 407 2997 civile
424 2927 657 2998 recrudescere
673 2930 785 3021 coepit.
803 2929 934 3000 Etenim
952 2929 992 3001 ad
1010 2927 1200 2998 huncdiem

169 3049 355 3135 versiculis,
370 3051 683 3141 epigrammatibus,
703 3062 750 3136 et,
767 3061 803 3122 ut
822 3053 866 3122 ita
884 3053 1005 3140 dicam,
1024 3051 1203 3122 missilibus

170 3173 244 3243 telis
262 3183 447 3264 pugnatum
463 3185 545 3246 eret.
567 3175 632 3245 Sed
650 3175 718 3265 jam
734 3176 883 3246 nonnulli
902 3177 1091 3266 graviorem
1117 3173 1200 3264 inju-

172 3294 296 3364 riarum
312 3303 345 3363 et
362 3285 611 3366 maledictorum
626 3297 745 3366 mulam
761 3297 792 3366 in
814 3297 989 3367 Erasmum
1015 3294 1204 3386 impingere

174 3417 387 3508 parabantur.
411 3415 502 3500 Quos
515 3417 602 3487 inter
621 3417 848 3487 Ciceronianae
862 3417 965 3487 laudis
979 3423 1205 3509 propugnato-

176 3557 230 3606 res
248 3536 393 3607 manime
412 3546 444 3607 et
463 3538 496 3606 in
513 3539 619 3628 primo
645 3537 780 3629 agmine
806 3538 942 3608 emicuit
963 3538 1068 3608 lulius
1093 3538 1206 3608 Caesar

179 3658 342 3752 Scaliger,
358 3659 409 3730 vir
426 3660 561 3752 quidem
579 3681 646 3731 non
663 3660 830 3750 ignobilis,
850 3659 908 3730 sed
921 3659 1101 3753 singularis
1115 3661 1193 3752 inge

179 3780 238 3864 nii,
255 3783 368 3854 multae
381 3781 559 3869 doctrinae,
581 3783 640 3853 sed
660 3780 790 3874 majoris
807 3785 1020 3876 arrogantiae,
1036 3794 1209 3877 perpetuae

183 3899 225 3970 de
251 3922 288 3972 se
300 3906 437 3996 suisque
452 3903 641 3996 jactantiae,
665 3904 809 3978 scurrilis
825 3905 1000 4000 aliquando
1017 3906 1051 3978 in
1074 3904 1211 3998 prolun-

187 4055 1210 4089 Ἢ

222 4141 260 4214 (1)
270 4141 380 4205 Ernam.
393 4146 484 4222 Epist.
500 4141 598 4222 baed,
611 4147 690 4210 1528.
