2950 4820
701 265 877 329 ..22-

278 410 415 474 sereret.
433 401 594 472 Praeterea
611 401 776 473 salutandi
790 411 847 473 aut
866 401 1085 488 resalutandi,
1098 399 1301 484 consolandi,

279 522 1303 616 adhortandi,laudandietdiesmensesquenotandiformulas,

279 666 362 737 quas
372 643 581 735 epistolarum
596 644 686 715 initio
698 645 750 716 vel
764 645 820 715 srni
834 646 950 728 addat,
970 645 1003 715 in
1017 655 1170 738 promptu
1188 644 1300 714 habet.

278 766 338 837 llis
360 766 511 836 omnibus
533 768 672 857 paratis,
697 789 764 838 nou
786 767 855 837 sine
877 769 1022 859 quadam
1044 767 1147 838 animi
1164 768 1307 858 trepida·

280 886 416 958 tionead
427 886 610 956 Tullianam
619 887 1308 980 imitationemaccingiturille,cuisumma

281 1010 324 1078 sit
346 1008 422 1077 vitae
438 1006 597 1094 felicitas,
615 1011 641 1081 si
659 1011 757 1080 modo
774 1011 871 1102 hujus
887 1011 1030 1102 speciosi
1048 989 1189 1081 nominis
1204 1009 1307 1078 decus

280 1129 333 1201 vel
353 1133 606 1222 septuagenario
633 1133 818 1223 contigerit.
849 1132 900 1212 Ad
920 1135 983 1204 hoo
1004 1154 1085 1204 vero
1109 1135 1213 1202 multa
1239 1152 1308 1202 ser·

281 1251 394 1326 venda
409 1260 443 1322 et
460 1253 608 1322 cavenda
622 1263 713 1324 sunt.
735 1255 780 1324 lta
796 1255 962 1324 levissimo
980 1255 1073 1338 cibo,
1096 1255 1201 1325 tribus
1220 1253 1307 1324 scili-

283 1383 338 1446 cet
357 1383 413 1445 aut
434 1385 574 1466 quatuor
597 1395 706 1466 passae
732 1396 809 1445 uvae
827 1377 944 1459 acinis,
971 1378 1088 1458 utitur;
1113 1379 1190 1446 vino
1210 1376 1308 1446 ctiam

284 1495 439 1584 abstinet,
455 1496 603 1587 nebujus
615 1497 801 1567 ebullientis
813 1497 942 1568 nebulae
955 1497 1077 1567 mentis
1089 1497 1197 1568 aciem
1208 1495 1311 1566 obdu·

284 1627 373 1689 cant.
391 1617 483 1689 ldem
508 1640 660 1689 museum
680 1619 779 1691 habet
802 1648 818 1682 «
837 1620 1012 1690 inintimis
1034 1619 1172 1705 aedibus,
1199 1617 1309 1688 densis

283 1740 481 1833 parietibus,
499 1743 644 1833 geminis
670 1753 702 1812 et
719 1742 839 1814 loribus
865 1753 896 1812 et
910 1743 1080 1826 fenestris,
1100 1741 1193 1810 rimis
1205 1739 1311 1810 omni·

285 1861 348 1934 bus
360 1884 467 1956 gypso
481 1864 623 1955 piceque
640 1864 813 1956 diligenter
833 1865 1013 1946 obturatis,
1038 1864 1145 1935 utrix
1168 1861 1310 1932 interdiu

285 1983 342 2054 lux
362 1993 419 2055 aut
433 1987 561 2057 sonitus
571 1986 657 2058 ullus
670 1988 774 2079 possit
790 1988 987 2078 irrumpere,
1009 1987 1069 2056 nisi
1084 1984 1312 2054 vehementior

287 2108 394 2198 qualis
417 2117 467 2178 est
483 2109 676 2179 feminarum
696 2111 875 2179 rixantium
891 2121 948 2179 aut
973 2110 1140 2179 labrorum
1160 2107 1313 2177 lerrario-

289 2248 363 2297 rum
378 2250 415 2312 »;
435 2250 477 2299 ne
492 2233 615 2300 muscis
627 2231 758 2322 quidem
774 2233 882 2302 locum
892 2232 1035 2322 reliquit,
1051 2252 1158 2322 neque
1173 2249 1312 2299 uxorem

289 2349 405 2437 duxit,
430 2372 473 2421 ne
491 2360 548 2434 aut
572 2354 643 2444 ipse
668 2374 688 2421 a
706 2353 823 2422 studiis
844 2362 1055 2441 avocaretur,
1076 2361 1135 2422 aut
1150 2372 1235 2422 uxor
1255 2371 1314 2420 ne·

289 2469 702 2564 gleetamaritumquoque
712 2473 908 2564 negligeret.
921 2471 1112 2543 Ciceronem
1122 2493 1202 2542 vcro
1212 2492 1314 2542 unum

291 2595 460 2684 comitem,
475 2595 602 2665 socium
617 2615 656 2664 ae
671 2596 939 2666 contubernalem
950 2595 1012 2664 sibi
1024 2594 1206 2680 constituit,
1222 2593 1317 2684 cujus

291 2738 404 2808 opera,
426 2716 600 2810 imagines
619 2738 754 2807 nomen,
773 2719 911 2810 ubique,
928 2717 962 2788 in
977 2718 1073 2801 atrio,
1086 2718 1120 2786 in
1138 2735 1266 2800 museo,
1282 2716 1317 2784 in

292 2835 444 2908 cubiculo
467 2848 656 2910 versantur.
681 2838 839 2910 Omnibus
863 2849 973 2909 autem
1002 2839 1089 2908 horis
1113 2847 1172 2908 aut
1197 2837 1314 2906 diebus

292 2959 481 3050 promiscue
496 2960 711 3032 Ciceroniana
730 2962 834 3032 labori
851 2982 973 3031 vacare
990 2982 1055 3031 nou
1073 2961 1149 3030 licet
1166 2985 1174 3026 :
1192 2959 1318 3051 quippe

293 3078 425 3150 densior
438 3089 497 3150 aut
509 3083 613 3151 rarior
626 3083 713 3151 aeris
727 3085 919 3173 temperies,
930 3083 1072 3174 ooelique
1087 3082 1204 3173 positio
1214 3091 1248 3151 et
1266 3082 1317 3152 lu·

293 3224 346 3275 11ae
358 3203 504 3274 delectus
517 3211 549 3274 et
563 3202 703 3289 labores,
724 3204 828 3273 multa
845 3214 984 3294 possunt
1000 3205 1133 3275 obstare
1152 3205 1204 3274 vel
1220 3203 1318 3293 adju-

293 3349 385 3398 vare.

344 3449 453 3522 Multis
479 3461 660 3542 praeterea,
689 3452 752 3542 joci
784 3473 904 3536 causa,
936 3451 1095 3544 adjectu,
1122 3451 1319 3541 Nosoponus

297 3571 415 3643 inanes
432 3573 527 3663 hujus
543 3593 613 3644 suae
629 3594 776 3665 operosae
797 3573 875 3643 artis
898 3593 1002 3664 nugas
1019 3573 1159 3643 candida
1178 3571 1319 3662 quadarn

267 3740 271 3751 -
299 3696 400 3764 animi
413 3695 619 3786 simplicitate
634 3699 815 3789 profitetur.
830 3697 864 3765 ln
880 3696 942 3765 boc
955 3707 1064 3766 autern
1077 3695 1198 3784 dialogi
1215 3712 1321 3786 proue-

299 3818 366 3888 mio
384 3817 451 3887 lere
466 3839 551 3888 unus
565 3829 675 3910 partes
689 3819 782 3910 agit:
801 3818 853 3888 cui
868 3818 1031 3888 interdum
1047 3815 1210 3886 succurrit
1224 3814 1320 3884 Bule-

298 3937 440 4028 pborus,
456 3947 504 4024 ut,
519 3960 623 4029 peuce
641 3938 844 4020 sciscitatuS,
862 3938 1004 4007 Socratis
1016 3957 1108 4006 more
1123 3936 1319 4025 plerumque

300 4055 334 4124 in
360 4054 503 4126 Platonis
524 4055 674 4144 dialogis,
703 4053 774 4144 ejus
798 4054 1032 4125 contessionem
1051 4055 1172 4132 eliciat,
1199 4054 1318 4124 Postea
