2950 4820
685 315 727 327 ..
751 281 794 346 42
821 315 860 330 ..

255 423 405 516 quidem,
421 421 523 494 veluti
539 442 693 514 suprema
709 423 942 516 appellatione,
957 423 1100 516 iuvenes
1120 422 1280 516 obsecra7

254 545 311 618 bet
324 546 372 616 uti
397 545 577 616 litterarum
601 545 792 637 reipublice
812 545 1012 637 periclitanti
1031 553 1277 632 succurrerent,

213 649 215 654 ’
256 677 289 739 et
305 668 366 738 sibi
381 666 565 759 praesertim
586 687 782 758 responsum
802 669 932 755 darent,
953 689 996 739 ne
1012 688 1126 739 eorum
1150 667 1279 738 silentio

254 789 428 861 damnatus
444 789 625 861 videretur.
644 819 662 856 α
680 787 829 876 Scilicet,
847 790 1068 875 exclamabat,
1094 789 1279 882 Ephesium

254 913 384 984 incendi
406 912 589 1004 templum!
597 964 686 985 ......
687 1009 690 1018 Δ
716 914 820 986 Unius
842 913 892 986 rci
915 913 1021 1005 gratia
1051 913 1123 985 haec
1148 913 1190 983 ad
1219 932 1280 982 vos

254 1034 375 1106 scribo.
397 1033 503 1105 Velim
520 1035 609 1106 enim
626 1054 678 1108 me
695 1016 872 1108 certiorem
890 1036 1016 1112 facialis
1037 1035 1188 1106 velitisne
1206 1057 1280 1106 ues-

253 1154 306 1226 tro
322 1157 467 1242 nomine,
483 1178 566 1249 quos
585 1158 714 1250 judices
731 1158 812 1231 mibi
832 1160 1087 1242 constitueram,
1110 1179 1184 1228 eam
1202 1178 1281 1228 ora-

252 1275 376 1348 tionem
399 1278 617 1368 circumferri,
648 1301 691 1350 an
708 1280 772 1350 alio
795 1281 970 1373 quopiam
994 1279 1082 1371 qnod
1103 1278 1173 1370 jam
1199 1276 1281 1348 mibi

254 1419 328 1468 esse
345 1408 464 1489 praeslo
480 1401 584 1472 sentio
601 1393 744 1495 :alioqui
762 1423 848 1474 novo
863 1403 1018 1494 exemplo
1034 1401 1101 1493 jam
1116 1401 1280 1472 edendam

253 1539 434 1590 curassem.
457 1549 475 1586 2>

301 1641 391 1712 XlX.
420 1679 467 1693 ·-
491 1644 528 1714 ln
550 1644 616 1716 boc
641 1654 752 1716 autem
774 1665 840 1716 non
862 1653 992 1716 tanturn
1018 1643 1101 1715 lorte
1124 1642 1281 1714 Tullianae

252 1772 412 1853 quantum
427 1783 498 1835 suae
514 1765 628 1857 gloriae
644 1787 722 1837 cura
741 1788 817 1838 eum
830 1765 1054 1849 remordebat,
1070 1785 1148 1836 curn
1172 1763 1280 1834 maxi·

252 1902 306 1954 mc
328 1904 492 1958 summam
507 1887 642 1980 lmperii
666 1897 700 1959 et
721 1889 858 1961 conlecti
876 1888 952 1960 belli
972 1889 1104 1961 tilulum
1126 1886 1281 1958 allectare

252 2006 433 2078 videretur.
450 2009 544 2093 Quod
561 2032 598 2082 re
616 2011 686 2102 ipsa
700 2011 791 2082 brevi
807 2020 1012 2103 compertum
1031 2019 1094 2082 est.

299 2126 451 2220 Namque
477 2150 554 2201 mox
575 2131 621 2201 illi
642 2131 706 2206 duo
729 2133 970 2203 commilitones
996 2151 1189 2217 accessere,
1216 2129 1281 2200 lu-

250 2245 315 2318 lius
329 2249 455 2324 seilicet
472 2249 629 2322 Camillus
645 2262 680 2323 et
694 2253 884 2344 Stephanus
895 2213 1045 2324 boletus.
1064 2253 1213 2336 Quorum
1228 2250 1282 2320 al-

252 2378 303 2440 ter
327 2370 417 2441 ltalia
437 2371 609 2457 oriundus,
629 2375 785 2446 mediocri
799 2375 945 2466 ingenio,
970 2373 1029 2446 sed
1044 2374 1185 2463 plurima
1203 2372 1281 2442 lec-

252 2491 339 2564 tione
363 2494 523 2583 relertus,
546 2496 582 2567 in
603 2495 785 2568 Galliasibi
808 2497 922 2568 sedem
945 2517 985 2568 ac
1001 2516 1072 2566 rem
1091 2501 1278 2586 paraverat,

252 2612 429 2688 Francisco
442 2617 550 2690 Primo
566 2639 647 2710 rege
670 2618 872 2710 adiuvante3
889 2617 974 2690 alter
990 2639 1070 2688 vero
1089 2615 1199 2687 Gallus
1216 2615 1281 2685 ori·

251 2737 344 2827 gine,
359 2741 500 2831 scriptor
511 2741 608 2811 simul
620 2751 653 2812 et
669 2741 824 2832 Lugduni
842 2741 1007 2826 librarius,
1029 2737 1138 2808 indole
1156 2735 1280 2825 singu-

251 2859 333 2947 lari,
364 2871 435 2933 lum
467 2863 613 2956 inquieto
642 2872 675 2933 et
704 2863 849 2955 pugnaci
882 2861 1039 2954 ingenio,
1078 2855 1148 2929 lum
1178 2856 1280 2927 animi

252 2983 396 3074 quadarn
416 2984 549 3056 tristitia
567 2996 601 3057 et
614 2986 812 3068 acerbitate,
833 2984 1015 3055 litterarum
1031 2980 1131 3054 simul
1150 2989 1183 3051 et
1202 2978 1279 3048 reli-

251 3106 386 3197 gionum
411 3109 567 3180 lectiones
585 3116 738 3192 seculus,
765 3128 855 3194 erro,
877 3128 1023 3200 pauper,
1047 3106 1165 3190 exsul,
1187 3103 1281 3193 cuius

250 3227 368 3299 vitain
385 3249 466 3322 rogo
482 3230 723 3312 atrocissimum
739 3229 866 3300 exitum
880 3229 1010 3312 habuit,
1027 3229 1076 3297 vir
1090 3201 1224 3319 quidem
1238 3222 1281 3291 ad

252 3350 390 3422 meliora
403 3361 514 3437 natus,
531 3353 558 3424 si
576 3352 667 3445 pacis
685 3373 752 3423 non
766 3352 953 3443 impatiens,
975 3349 1140 3421 felicitatis
1152 3365 1277 3437 capax,

251 3491 292 3542 ac
309 3473 361 3542 sui
378 3493 513 3564 compos
529 3474 659 3544 animus
674 3474 704 3545 ei
718 3474 922 3567 contigisset.
943 3473 1067 3543 Horum
1083 3478 1196 3541 autem
1212 3487 1280 3536 am·

250 3593 366 3664 borum
381 3595 479 3667 libelli
502 3598 621 3668 iisdem
641 3597 723 3686 lere,
741 3596 859 3690 quibus
879 3596 1038 3687 Scaligeri
1053 3593 1170 3680 oratio,
1194 3610 1277 3660 con·

250 3715 345 3785 viciis
367 3726 400 3786 el
417 3718 608 3790 criminibus
623 3721 792 3791 scatebant
813 3741 821 3793 :
841 3739 963 3809 nempe
981 3717 1159 3788 Erasmum
1183 3711 1223 3784 ad
1245 3709 1280 3778 id

249 4019 383 4078 sponsum
403 4002 500 4062 darent
514 4002 631 4068 invenit,
652 4019 752 4076 neque,
772 4019 838 4060 cum
856 3999 1000 4073 exemplar
1018 4003 1165 4072 repeteret,
1178 3997 1278 4075 sallem

248 4087 388 4146 redditum
401 4085 564 4155 eslalscrt.
577 4085 664 4159 Epist.
675 4085 801 4159 collegiis
810 4084 953 4142 omnibns.
967 4083 1048 4152 loru.)
