2950 4820
716 295 891 360 ...pg-

282 433 517 504 controversia.
532 433 679 519 Quarum
693 433 866 506 nonnullas
879 441 972 504 certe
983 436 1160 505 memorari
1176 428 1316 524 dignum

283 563 353 639 est;
368 555 463 642 alias,
478 575 552 647 quae
562 576 637 626 oum
649 554 749 641 illius,
766 565 837 627 tum
853 563 974 628 nostrae
987 549 1201 644 suntaetatis3
1219 556 1314 638 alias,

281 699 357 770 quae
375 678 503 750 illorum
523 687 710 770 temporum
728 680 835 770 magis
852 678 1006 750 videntur
1021 681 1183 770 propriae:

329 800 366 870 l⁰
385 801 526 872 Pravam
542 801 667 874 seilicet
678 820 859 893 puerorum
874 801 907 872 in
921 800 1041 872 litteris
1053 801 1311 885 institutionem;

328 917 365 992 2⁰
379 922 569 1014 lneptorum
579 922 756 995 lectionem
776 921 956 1012 librorum;

328 1041 365 1112 5⁰
385 1043 481 1115 Lucri
496 1043 711 1134 cupiditatem
729 1045 962 1126 immaturam3

329 1160 365 1232 dr
383 1162 556 1254 Elegantis
569 1173 783 1256 contemptus
799 1163 953 1235 dictionis
968 1186 976 1252 ;

328 1283 365 1356 5ο
382 1286 479 1357 Nulla
509 1297 568 1356 aut
597 1287 785 1380 perexigua
811 1286 944 1356 disertis
967 1285 1177 1372 hominibuS,
1205 1286 1317 1379 qualia

280 1410 417 1482 medicis
435 1430 474 1480 ac
485 1409 730 1501 jurisconsultis
748 1410 876 1493 solent,
892 1410 1028 1502 praemia
1046 1410 1229 1503 proposita;

327 1529 363 1602 6ο
380 1531 582 1604 Vernaculae
598 1532 737 1604 nimium
752 1533 877 1624 linguae
895 1533 928 1604 in
955 1532 1077 1617 Gallis,
1106 1532 1193 1607 ltalis
1213 1541 1315 1625 atque

280 1653 452 1745 Hispanis,
469 1656 630 1738 studium,
648 1655 726 1725 olim
740 1676 762 1726 a
774 1656 879 1726 Remo
892 1654 1110 1727 celebratum.

328 1777 422 1849 Felix
449 1777 583 1871 quidem
612 1778 740 1850 crimen
764 1778 830 1850 hoc
856 1779 1100 1863 novissimum,
1125 1776 1212 1869 quod
1234 1797 1314 1848 mox

283 1908 379 1970 erant
395 1898 571 1991 purgaturi
589 1897 756 1968 Cartesius
769 1907 803 1969 et
821 1877 1007 1970 Pascaliirsl
1027 1897 1179 1991 Optimus
1195 1908 1311 1970 autem

279 2022 332 2092 ille
346 2021 512 2106 Andreas,
525 2021 694 2093 latinitatis
709 2031 878 2113 petronus,
890 2023 1054 2115 huiusque
1064 2021 1315 2094 scholastioaeet

279 2143 468 2215 umbratilis
480 2143 681 2234 eloquentiae
694 2144 802 2214 fautor
814 2144 1020 2236 doctorque,
1037 2145 1237 2216 recentiores
1254 2143 1315 2214 lin·

278 2284 363 2355 guas
376 2262 445 2353 jam
462 2261 532 2336 loro
542 2273 576 2334 et
587 2264 718 2354 publiea
728 2266 919 2357 fruigratia,
930 2286 996 2338 non
1008 2265 1078 2336 sine
1088 2265 1315 2357 quodamani-

279 2387 323 2455 mi
342 2405 470 2476 angore
487 2395 521 2456 et
539 2385 641 2466 loturi
656 2394 761 2471 metu,
778 2407 869 2477 aegre
885 2385 1020 2457 lerebat.
1043 2385 1172 2479 Quippe
1186 2387 1263 2479 qui,
1278 2396 1314 2458 ut

278 2508 478 2603 plerumque
494 2508 602 2580 solent
625 2508 686 2579 viri
711 2496 857 2602 priorum
878 2520 1064 2602 temporum
1085 2510 1311 2592 amentiores,

279 2632 401 2725 quibus
417 2630 525 2703 omnis
538 2651 652 2703 rerum
669 2630 810 2702 mutatio
827 2652 887 2722 pro
901 2632 998 2703 ruina
1010 2630 1063 2700 vel
1078 2631 1113 2702 in
1129 2631 1225 2724 pejus
1234 2651 1313 2702 cou-

278 2753 432 2825 versione
449 2753 605 2836 habetur,
626 2753 773 2824 occiduae
786 2752 921 2844 quidem
936 2753 1069 2841 aetatis,
1093 2772 1158 2822 neo
1175 2750 1312 2822 alterius

278 2874 479 2966 veromagoi
490 2873 675 2945 exorientis
687 2874 801 2944 saeculi
814 2875 1026 2966 crepuscula,
1047 2872 1169 2945 intueri
1179 2872 1242 2944 sibi
1256 2870 1308 2942 vi·

279 2997 430 3067 deretur.

328 3117 433 3190 XXX.
454 3155 503 3168 --
517 3117 606 3186 luter
623 3117 693 3188 haec
714 3109 844 3210 placida
870 3129 906 3190 et
921 3119 1011 3190 irrita
1033 3117 1259 3190 decrescentis
1277 3116 1311 3185 in

279 3243 351 3316 dies
363 3240 516 3314 lectionis
533 3240 711 3323 desideria,
734 3241 891 3332 paulatim
917 3241 1119 3332 languebant
1135 3239 1250 3326 animi,
1266 3237 1311 3308 si·

279 3369 455 3459 lebautque
468 3363 652 3447 discordis,

405 3547 474 3604 Cum
489 3548 556 3603 tube
570 3546 724 3604 terribilem
735 3548 859 3605 sonitum
871 3549 948 3606 dedit
958 3566 1010 3605 aere
1020 3563 1132 3606 canoro.

279 3731 431 3819 Namque
445 3725 580 3797 bellator
595 3726 790 3816 acerrimus,
807 3726 1018 3820 famosusque
1034 3724 1217 3797 libellorum
1233 3743 1312 3794 auc·

280 3865 344 3939 tor,
360 3838 512 3921 assiduus
525 3848 706 3919 criminum¹
724 3847 858 3934 artilex,
876 3859 909 3920 et
925 3847 1085 3941 pervicax
1099 3847 1249 3918 omnium
1265 3845 1312 3915 vi·

280 3993 397 4046 vorum
418 3978 694 4062 mortuorumque
714 3971 903 4054 insectator,
929 3967 1028 4042 Cocio
1053 3966 1112 4040 itte
1133 3969 1310 4038 Gramma-

281 4095 376 4178 ticos,
402 4090 495 4183 cujus
515 4100 582 4162 tote
606 4090 674 4162 vita
692 4091 751 4162 luit
775 4092 847 4162 rixa
874 4100 907 4162 et
925 4089 1117 4182 pugilatus,
1141 4089 1310 4179 Gasparus
