2950 4820
601 341 777 407 ...25-

222 475 395 564 Quomodo
411 477 511 570 igitur
527 477 632 571 prosit
650 488 775 562 orator,
797 477 861 548 nisi
878 485 955 569 apte
975 476 1061 547 dicat
1081 498 1089 547 :
1112 471 1201 568 quod

173 597 371 692 eloquentiae
387 600 568 671 maximum
586 599 657 669 est?
672 597 844 683 Quomodo
858 619 937 669 vero
951 607 1027 691 apte
1044 596 1110 669 diei
1122 618 1202 690 pos·

175 715 231 803 sit,
249 719 311 790 nisi
322 741 430 791 sermo
440 718 588 812 personis
597 726 654 788 aut
665 718 867 818 temporibus
877 703 1203 810 congruat‘lNempe

176 859 221 912 ex
239 863 304 935 quo
322 842 392 913 vita
404 840 550 913 decessit
564 839 699 942 Cicero,
716 843 748 910 in
766 837 819 910 his
837 841 936 912 terris
950 861 1093 912 evenere
1108 859 1204 910 novae

175 985 248 1051 res,
267 965 345 1034 novi
362 985 463 1049 usne,
486 983 572 1034 nova
586 963 757 1032 hominum
773 963 932 1049 societas,
954 983 1041 1034 nova
1059 959 1203 1051 denique

176 1083 314 1177 religi03
334 1084 422 1155 orbis
450 1084 519 1154 iere
543 1090 631 1154 totus
651 1081 862 1154 'Christianus
886 1084 990 1156 laetus
1012 1092 1075 1156 est.
1102 1063 1205 1158 Novis

177 1207 278 1300 igitur
293 1207 403 1277 verbis
420 1205 595 1276 utendum.

227 1329 387 1399 Omnibus
405 1328 497 1399 enim
508 1328 552 1399 ita
568 1328 702 1399 mutatis
716 1350 756 1400 ac
772 1331 954 1414 renovatis,
977 1357 994 1392 α
1013 1325 1091 1422 qnid
1106 1326 1204 1397 lton-

180 1452 243 1536 tis,
272 1451 437 1522 exclamat
455 1449 660 1542 Bulephorus
680 1449 744 1546 (l),
772 1451 893 1521 babeat
906 1449 975 1540 ille,
1002 1453 1058 1544 qui
1079 1442 1207 1521 anobis

181 1572 296 1662 exigat
312 1580 347 1642 ut
358 1593 417 1663 per
429 1573 538 1642 omnia
557 1559 726 1643 Ciceronis
740 1591 833 1641 more
848 1567 1023 1642 dieamus?
1036 1569 1166 1642 Reddat
1180 1570 1208 1638 is

177 1693 272 1764 nobis
286 1694 377 1785 prius
389 1695 526 1764 Romam
541 1695 630 1770 illam
646 1715 721 1786 quae
733 1693 792 1763 luit
808 1693 907 1776 olim3
925 1694 1040 1764 reddat
1052 1693 1209 1764 Senatum

179 1823 214 1885 et
227 1813 375 1901 Curiam,
395 1814 508 1885 Patres
526 1815 741 1905 conscriptos,
762 1823 950 1906 equestrem
966 1815 1131 1897 ordinem,
1151 1833 1210 1902 po·

181 1934 298 2028 pulum
312 1936 348 2006 in
362 1935 469 2007 tribus
483 1945 516 2006 et
531 1935 697 2006 centuria's
711 1936 876 2028 digestum
889 1962 899 2027 ;
919 1929 1035 2006 reddat
1047 1954 1211 2026 augurum

181 2068 216 2129 et
232 2059 420 2150 aruspicum
435 2058 595 2150 collegia,
614 2058 789 2130 Pontifices
807 2059 986 2148 maximos,
1004 2057 1166 2128 Flamines
1180 2041 1214 2124 e't

181 2178 352 2271 Vestales,
370 2181 517 2264 AEdiles,
532 2181 703 2265 Praetores
721 2181 882 2255 Tribunus
892 2183 1021 2275 plebis,
1037 2179 1210 2268 Consules,

178 2302 378 2386 Dictatores,
400 2291 568 2387 Caesares,
589 2303 741 2390 comitia,
763 2303 876 2395 teges,
893 2301 1209 2390 senatus-consulta,

179 2424 372 2515 plebiscita,
389 2432 539 2512 statuas,
559 2425 764 2515 triumphos,
783 2428 976 2514 ovationes,
998 2423 1211 2517 supplicatio-

182 2566 266 2629 neS,
295 2545 393 2630 iana,
420 2543 577 2628 delubra,
599 2546 804 2634 pulvinaria,
823 2567 992 2618 sacrorum
1014 2547 1112 2632 ritae,
1128 2545 1216 2628 Deos
1299 2533 1305 2544 ’

181 2665 356 2757 Deosque,
377 2664 573 2756 Capitolium
591 2673 626 2734 et
640 2667 756 2756 ignem
774 2688 926 2754 sacrum3
945 2667 1063 2736 reddat
1080 2665 1213 2757 provin—

181 2792 276 2875 cias,
301 2787 464 2870 ooloniaS,
490 2786 658 2876 mancipia
681 2796 712 2857 et
733 2787 840 2857 socios
861 2787 956 2859 Urbis
976 2807 1090 2858 rernm
1106 2785 1219 2856 domi·-

155 2959 160 2968 .
183 2931 235 2979 nae
249 2912 307 2981 l...
327 2909 390 2980 Sed
404 2909 469 3001 iam
483 2929 570 2979 nnnc
584 2913 687 2980 Roma
702 2910 807 2981 Romo
820 2931 883 2980 ooo
901 2919 1009 2980 est...
1029 2909 1218 2980 Christiano

185 3033 268 3102 milri
285 3032 463 3103 dicendum
482 3042 532 3103 est
550 3033 637 3124 apud
657 3029 862 3103 Christianos
877 3033 917 3103 de
932 3033 1088 3124 religione
1103 3030 1218 3106 Chrisff

189 3153 299 3224 tiana:
318 3139 413 3240 num,
431 3163 468 3251 ut
480 3165 555 3246 apte
571 3156 691 3237 dicam,
707 3154 914 3246 imaginabar
929 3177 982 3225 me
996 3155 1108 3224 vivere
1122 3160 1219 3221 aetate

190 3271 375 3360 Ciceronis,
405 3285 438 3345 et
460 3275 493 3344 in
521 3277 692 3367 frequente
716 3288 852 3366 senatu,
882 3277 968 3368 apud
993 3275 1106 3345 Patres
1132 3293 1220 3345 eon-

191 3395 347 3486 scriptm,
368 3397 401 3465 in
416 3417 493 3466 aree
508 3393 647 3489 Tarpeia
658 3399 781 3482 dicere,
798 3409 831 3467 et
846 3419 890 3466 ex
904 3396 1120 3482 orationibus
1139 3415 1220 3488 quas

190 3515 223 3586 in
241 3529 360 3588 senatu
384 3518 467 3589 dixit
486 3519 623 3608 Cicero,
642 3519 776 3590 voculas
800 3521 945 3610 aliquot,
970 3521 1092 3611 figuras
1109 3528 1142 3589 et
1155 3539 1220 3588 nu-

191 3659 304 3711 meros
322 3636 559 3710 emendicabo!
581 3668 596 3704 a
613 3641 670 3710 llis
683 3639 808 3710 scilicet
822 3641 959 3711 vocibus
972 3643 1117 3713 maxime
1132 3640 1220 3710 Lon·

191 3761 318 3848 galium
341 3763 477 3856 ejusque
500 3763 636 3832 aemulos
664 3762 868 3852 increpabat.
901 3763 976 3833 l‘ost
1001 3764 1088 3833 hanc
1110 3770 1222 3835 autem

192 3880 339 3954 vividam
353 3895 386 3956 et
399 3885 573 3955 facundam
589 3883 888 3972 exclamationem,
908 3895 945 3956 ut
962 3883 1135 3977 aliquando
1150 3903 1221 3950 ma·

231 4133 268 4204 (l)
282 4135 354 4195 lbid.
