2950 4820
612 293 789 357 ...17-

190 439 263 510 odia
282 457 356 530 quae
372 433 458 527 opud
474 433 643 515 homiues,
667 439 704 502 ut
718 428 891 512 amicitiae,
907 436 1093 518 temporum
1106 429 1213 498 inter-

188 562 274 632 vallo
295 559 487 650 plerumque
515 557 624 626 solent
654 551 878 623 obsolescere.
901 550 984 621 Hinc
1006 551 1094 620 enim
1113 550 1211 620 Eras-

141 677 150 695 ⁰
189 705 277 768 mus,
293 685 356 774 quo
371 681 478 769 magis
493 677 534 748 ad
548 685 715 748 senectam
727 674 898 765 vergebat,
915 672 1034 744 indies
1050 671 1216 743 Ciceronis

189 803 370 892 amantior,
398 811 435 871 ut
451 802 523 893 ipse
541 797 684 894 epistola
699 795 892 864 Tusculanis
911 793 1147 886 quaestionibus
1167 791 1216 862 ai·

188 929 257 996 lina
277 921 332 1020 (l)
359 932 502 996 testatus
528 930 613 1008 erat,
635 917 745 988 multis
764 939 841 986 cum
864 917 1012 987 Romano
1035 926 1165 987 oratore
1183 915 1218 985 in

189 1049 328 1140 gratiam
357 1046 467 1116 redire
483 1042 669 1112 videbatur.
691 1038 770 1108 Inde
783 1059 864 1110 vero
878 1039 1027 1130 Scaliger
1047 1039 1140 1131 ipse,
1163 1037 1218 1108 vel

189 1168 372 1237 amicorum
396 1161 540 1233 consiliis
564 1161 617 1230 vel
641 1179 803 1229 annorum
827 1178 961 1249 quoquc
988 1159 1084 1248 lapso
1110 1158 1219 1229 mitior

189 1289 309 1375 lactus,
326 1287 367 1356 ab
384 1285 528 1361 ineunda
545 1304 627 1375 pace
647 1303 712 1353 uon
732 1283 868 1352 omniuo
886 1281 1097 1352 abhorrebat.
1112 1281 1218 1351 Indu·

191 1408 251 1478 ciis
269 1408 370 1498 igitur
387 1416 515 1496 tempus
534 1414 756 1502 opportunum
770 1402 955 1473 habebatur
977 1427 985 1471 ε
1012 1411 1082 1472 tum
1100 1423 1219 1496 coepe-

191 1539 267 1600 runt
284 1549 358 1598 esse
374 1527 464 1619 pacis
476 1535 633 1607 oratores,
655 1525 714 1617 qui
736 1524 890 1616 utrinque
910 1525 1073 1613 prioribus
1088 1523 1220 1596 discor·

191 1651 253 1720 diis
273 1649 416 1719 lementa
441 1658 659 1740 apponerent.
680 1647 806 1717 Horum
825 1647 982 1744 princeps
997 1647 1057 1718 luit
1077 1647 1219 1718 lacobus

191 1763 397 1862 Omphalius.
420 1769 470 1839 Ad
487 1770 520 1839 id
540 1779 652 1839 autem
668 1768 930 1860 assequendum,
956 1769 1073 1860 quidus
1089 1769 1220 1839 verbo-

192 1916 266 1964 rum
278 1903 311 1962 et
324 1903 598 1994 argumentorum
613 1893 828 1982 ambagibus,
844 1901 924 1983 quot
939 1901 972 1962 et
987 1891 1120 1983 quantis
1135 1900 1221 1962 tem·

191 2017 391 2108 perementis
418 2024 451 2086 et
477 2014 641 2108 aucupiiS,
667 2015 760 2106 quasi
782 2015 825 2086 de
844 2017 983 2086 summis
1004 2015 1099 2104 regni
1122 2014 1221 2085 rebus

192 2146 363 2228 ageretur,
377 2159 461 2228 opus
474 2138 583 2226 fuerit,
596 2138 652 2208 vix
667 2137 823 2208 credibile
833 2147 899 2208 est.
916 2137 1076 2229 Namque,
1090 2157 1133 2207 ne
1147 2157 1223 2228 gra-

192 2259 237 2328 tia
250 2260 337 2328 inter
351 2259 525 2328 Erasmum
540 2266 574 2329 et
587 2257 791 2348 Scaligerum
811 2258 896 2328 male
918 2268 1008 2328 sarta
1022 2258 1076 2328 diu
1091 2257 1223 2330 consis-

193 2389 298 2465 teret,
324 2381 500 2450 obstabent
520 2379 648 2450 scilicet
675 2378 762 2448 illius
784 2379 986 2470 negligentia
1013 2379 1165 2470 quaedam
1190 2388 1223 2450 et

195 2502 329 2571 minima
343 2503 375 2569 in
389 2501 594 2592 Scaligcrum
610 2501 713 2570 animi
725 2500 936 2592 proclivitas,
950 2501 1048 2592 hujus
1060 2521 1142 2571 vero
1154 2501 1223 2590 glo·

193 2625 254 2694 riae
277 2633 446 2717 perpetum
461 2633 494 2694 et
508 2623 741 2714 intempestive
757 2632 984 2714 erumpentes.
1002 2624 1132 2715 Quippe
1150 2625 1220 2715 qui,

194 2748 273 2817 dum
301 2725 447 2816 amorem
472 2767 570 2818 suum
593 2745 731 2814 Erasmo
755 2744 987 2828 condonabat,
1013 2744 1224 2836 Omphalium

195 2845 290 2940 simul
306 2869 500 2940 admoneret
513 2890 549 2939 se
562 2869 694 2959 quidem
708 2888 772 2937 non
792 2876 901 2937 metus
915 2889 1014 2938 cause
1032 2889 1148 2958 pacem
1169 2869 1226 2938 ad·

193 2995 255 3078 ire,
272 2993 351 3063 satis
367 3003 478 3064 autem
494 2993 617 3064 babere
642 2992 729 3084 quod
754 2994 930 3063 Erasmum
957 2993 1158 3076 admeliora‚
1191 2994 1224 3063 id

195 3124 265 3185 erat
276 3116 317 3185 ad
334 3115 532 3186 senteutiam
551 3135 665 3198 suam,
681 3114 881 3204 redegisset,
898 3122 944 3196 et,
961 3123 1056 3204 parta
1068 3115 1226 3185 sibi‘belli
1258 3195 1260 3204 .

196 3236 323 3320 laurea,
340 3259 503 3308 summam
519 3237 653 3307 laudem
668 3245 700 3305 et
717 3235 867 3306 laborum
881 3237 1068 3304 mercedem
1083 3237 1226 3326 adeptus

170 3339 173 3346 ¹
197 3364 286 3426 esset
309 3353 374 3450 (2).
396 3357 466 3438 Neo
487 3357 625 3425 multum
645 3353 782 3436 aberat,
804 3355 884 3424 dum
906 3375 967 3424 sua
983 3364 1132 3444 tempora
1156 3355 1226 3448 ipse
1280 3371 1282 3375 ’

231 3548 268 3619 (1)
281 3547 380 3606 «Mihi
393 3564 479 3621 puero
491 3547 584 3601 minus
599 3547 740 3601 arridebat
758 3546 854 3602 Cicero
876 3563 961 3620 quam
982 3547 1095 3617 Seneca,
1112 3551 1228 3626 jamque

199 3639 282 3690 natus
295 3648 372 3688 eram
386 3647 473 3687 annos
487 3627 586 3699 viginti
605 3629 768 3702 priusquam
786 3631 886 3687 terrem
898 3629 1037 3687 diutinam
1054 3636 1114 3705 ejus
1133 3636 1228 3693 lectio·

199 3733 275 3783 nem,
289 3733 353 3773 cum
364 3713 456 3772 caeteri
469 3729 538 3787 pene
552 3728 649 3768 omnes
662 3714 811 3786 placerent.
833 3718 879 3770 An
892 3715 981 3772 aetutis
998 3733 1147 3790 progressu
1159 3737 1227 3794 pro·

202 3797 312 3855 lecerim
324 3798 435 3856 nescio:
455 3802 529 3854 certe
543 3812 687 3869 nunquam
706 3795 777 3852 mibi
796 3797 885 3869 magis
897 3798 1002 3871 placuit
1011 3800 1115 3860 Cicero.
1130 3803 1229 3876 ltaque

202 3897 258 3936 non
271 3883 397 3939 dubitem
411 3881 514 3938 hortari
537 3883 712 3952 juventutem
725 3887 757 3936 ut
771 3879 800 3936 in
813 3883 873 3953 ejus
885 3881 964 3940 libris
985 3884 1128 3942 volvendis
1146 3893 1229 3959 atque

204 3963 288 4021 etiam
301 3967 457 4024 ediscendis
466 3967 553 4024 bones
565 3964 647 4032 boras
663 3965 815 4034 collocent,
831 3966 924 4041 potius
941 3985 1022 4038 quum
1040 3974 1070 4026 ic
1085 3974 1186 4034 riconis
1198 3988 1230 4028 uc

203 4057 365 4122 pugnacibus
379 4057 470 4111 tinctile
482 4054 585 4128 quibus
596 4067 671 4110 nunc
684 4053 808 4128 undique
820 4061 927 4112 scatent
938 4056 1061 4112 omnia.»

241 4137 278 4210 (2)
292 4137 424 4211 scaligeri
435 4140 526 4214 Epist.
540 4136 703 4212 Omphalio.
716 4137 814 4208 Quart.
825 4157 892 4199 non.
906 4140 962 4202 nai
972 4139 1052 4197 tneo.
1063 4141 1186 4214 Agendi.
