2950 4820
495 1211 873 1335 PROOElllUll
967 1351 970 1356 ,

204 1700 242 1792 ll.
258 1703 422 1794 —Hujus
445 1701 520 1772 belli
542 1699 718 1791 primordia
741 1699 768 1767 si
790 1699 863 1788 quis
887 1707 1044 1788 tanquam
1069 1698 1110 1768 ab
1135 1674 1198 1770 olto

169 1828 320 1916 repetere
343 1825 442 1906 velit,
467 1823 637 1910 adipeam
662 1818 829 1888 Ciceronis
855 1825 991 1887 aetatem
1016 1820 1201 1890 retrocedat

171 1964 309 2013 necesse
328 1952 390 2011 est.
409 1941 560 2030 Namque
580 1941 679 2008 etiam
702 1940 787 2007 inter
810 1938 881 2028 ejus
904 1938 1051 2029 aequales
1076 1939 1202 2008 exstitit

171 2063 269 2134 lectio
289 2062 440 2154 quaedam
462 2070 628 2132 oratorum
651 2062 707 2152 qui
732 2047 917 2130 Tullianam
942 2060 1152 2144 dictionem,
1167 2068 1203 2129 ut

172 2185 363 2269 Asiaticam,
381 2185 545 2275 nimisque
569 2183 811 2254 redundantem
826 2174 866 2253 ac
887 2203 982 2274 paene
1006 2182 1199 2267 molliorem,

172 2307 371 2400 rejicientes,
385 2306 519 2398 aliquod
534 2305 666 2376 dicendi
680 2327 788 2396 genus
801 2305 908 2397 magis
925 2326 1095 2392 severum,
1113 2325 1204 2396 pres-

173 2449 313 2518 sumque
332 2449 373 2498 ao
390 2431 534 2498 recisum
559 2436 777 2498 sectarentur.
809 2426 957 2509 Quorum
984 2426 1086 2496 duces
1109 2424 1203 2495 luere

173 2549 293 2620 Brutus
308 2558 341 2618 et
355 2549 512 2638 Messala,
531 2549 744 2638 caeteroquin,
764 2558 800 2617 ut
819 2569 861 2618 ex
878 2547 1023 2618 Oratoris
1040 2547 1120 2616 libro
1146 2567 1205 2636 pa·

174 2679 235 2758 tct,
257 2690 332 2740 cum
355 2667 514 2738 Cicerone
536 2669 643 2737 amice
664 2667 899 2737 discordantes.
927 2667 1000 2738 ttox
1016 2667 1072 2736 alii
1090 2667 1123 2735 in
1140 2666 1203 2734 im-

174 2792 355 2882 pugnanda
372 2790 442 2881 ejus
459 2789 649 2880 eloquentia
668 2788 812 2858 acriores
832 2789 942 2874 luere,
967 2809 1049 2881 quos
1067 2788 1206 2879 privatae

175 2924 235 2985 aut
257 2914 398 3004 publicae
420 2912 603 2983 inimicitia
627 2933 704 2983 curn
726 2911 781 2980 illu
805 2888 968 3004 suscepta
991 2913 1201 3005 impulerant.

177 3038 285 3108 Primo
301 3038 432 3108 scilicet
446 3037 558 3107 Fufius
580 3038 633 3108 ille
657 3035 822 3122 Calenus,
842 3037 975 3107 Antonii
996 3046 1128 3130 praetor,
1148 3038 1205 3128 qui

176 3159 263 3230 inter
281 3159 397 3231 civiles
415 3160 550 3248 turbas,
568 3161 602 3229 in
621 3161 732 3232 medio
754 3169 891 3246 senatu,
915 3160 1011 3229 Tullii
1026 3181 1093 3230 non
1108 3159 1206 3230 modo
1313 3189 1316 3194 ·

178 3281 298 3364 vitam,
310 3281 370 3350 sed
378 3281 555 3350 oratoriam
568 3280 718 3366 laudem,
729 3281 1208 3352 atrocitermaledictislacera·

178 3399 227 3468 vit
247 3394 316 3492 (l).
342 3397 441 3489 Cujus
463 3421 543 3470 vero
567 3401 708 3470 crimina
731 3401 857 3471 Tullius
880 3402 951 3490 ipse
971 3401 1017 3469 ita
1042 3401 1206 3492 locuplete

179 3519 403 3590 conviciorum
429 3529 590 3610 proventu
614 3523 813 3610 confutavit,
835 3529 873 3590 ut
895 3541 935 3590 ea
957 3521 1043 3610 dies,
1071 3525 1206 3612 privatis

181 3641 403 3713 simultatibus
431 3640 588 3727 addicta,
629 3642 819 3734 reipublicae
853 3642 971 3714 frustra
1010 3653 1207 3737 consumpta

181 3763 291 3836 luerit.
312 3764 555 3834 lulensissimus
572 3783 705 3856 quoque
733 3764 793 3834 luit
814 3766 944 3836 Asinius
960 3766 1077 3853 Pollio,
1101 3769 1207 3836 histo·

183 3886 308 3956 riarum
323 3889 474 3976 scriptor,
495 3886 583 3956 idem
597 3885 651 3958 ille
672 3889 729 3979 qui
742 3887 851 3959 Titum
868 3888 995 3959 Livium
1009 3887 1209 3981 pataoiuitu·

181 4110 183 4126 '
219 4104 255 4176 (lt
268 4105 321 4164 Dio
332 4107 452 4178 Cassius,
465 4108 514 4166 lib.
527 4126 604 4180 xum,
615 4127 676 4184 cap.
693 4110 773 4179 nat.

1075 4208 1089 4264 t
