2950 4820
592 332 770 400 ..pp-

165 474 324 566 Scaligeri
347 475 383 545 in
409 451 588 546 novissimo
609 474 662 546 die
687 474 878 548 moribundi
903 496 1020 546 curam
1043 485 1075 548 et
1097 476 1199 548 bilem

165 598 408 671 commovebat.
427 598 513 670 Dum
540 607 652 670 autem
678 598 707 668 is
728 597 830 670 fiebat
844 599 879 668 in
898 598 1089 686 litterarum,
1102 599 1203 670 Rem·

166 719 334 810 publicam
347 719 747 811 Lipsiauorumimpetus,
761 718 840 811 quid
851 717 1122 792 deCiceroniaua
1131 721 1204 812 ipso

167 827 307 914 lectione
318 850 473 934 ageretur
491 840 659 931 paulisper
672 841 904 940 repetendum.
1111 913 1113 917 ,

215 963 336 1034 ΧΧΙΧ.
350 1001 394 1016 -·
406 963 445 1034 ln
458 961 524 1033 bac
542 962 670 1032 scilicet
686 982 797 1033 rerum
812 971 845 1032 et
858 963 1041 1034 studiorum
1059 985 1203 1036 conver-

169 1085 275 1170 sione,
294 1083 464 1156 interdum
488 1084 683 1174 erumpebat
699 1083 880 1154 admonitio
904 1092 938 1155 ct
958 1086 1118 1176 querela,
1136 1109 1203 1178 qua

166 1209 369 1281 novissimus
380 1206 499 1308 aliquis
513 1205 854 1298 Tullianaeelegantiae
864 1217 1093 1299 propugnator
1108 1231 1202 1280 suam
1290 1267 1291 1270 ,

167 1339 300 1400 aetatem
314 1329 467 1420 leporum
488 1328 686 1398 incuriosam
702 1337 736 1399 et
759 1328 934 1420 praeteritae
951 1328 1115 1401 felicitatis
1130 1332 1203 1402 im-

169 1474 352 1524 memorem
376 1453 585 1544 increparet:
616 1473 703 1524 vana
727 1453 923 1547 plerumque
946 1454 1143 1546 appellatio,
1171 1465 1204 1528 et

169 1575 224 1666 pia
241 1595 343 1649 mauu
366 1575 507 1645 ellusum

365 1733 466 1791 Telum
479 1735 594 1793 imbelle
605 1734 666 1794 sine
673 1735 746 1794 ictu!

169 1869 1059 1962 QuosinterextremosCiceronianaelegionissodales
1080 1893 1205 1942 memo

169 1995 227 2063 riae
240 1993 418 2076 inseratur,
431 1994 828 2084 praesertimobvirtutem
845 2004 879 2066 et
893 1995 1124 2088 pertinaciam,
1137 1993 1204 2065 bn-

162 2113 267 2186 'dreas
277 2115 476 2204 Schottus,c
491 2117 649 2188 societate
659 2117 751 2203 Jesu,
763 2117 816 2187 vir
826 2117 962 2211 quidem
977 2119 1201 2203 doctissimus,

173 2237 379 2309 humanitate
389 2248 422 2309 et
433 2238 1123 2332 modestiaapuderuditosrarioreinsignis
1133 2237 1203 2336 (l),

170 2363 226 2452 qui
250 2382 329 2432 cum
353 2360 446 2431 lusto
471 2360 604 2453 Lipsio,
628 2362 819 2453 scaligero,
844 2361 1056 2449 Casauboue,
1083 2363 1202 2434 Vossio

169 2483 347 2576 multisque
364 2482 437 2552 aliis
453 2484 696 2577 amplissimum
708 2486 890 2557 litterarum
908 2485 1024 2556 babuit
1043 2505 1203 2555 commer-

169 2605 279 2693 cium,
303 2605 491 2697 opimisque
516 2607 763 2676 commentariis
780 2605 976 2679 Ciceronem
1005 2607 1201 2686 illustravit;

169 2734 328 2798 catarum
341 2724 512 2796 latinitatis
522 2725 632 2797 studio
646 2734 681 2797 et
696 2747 810 2797 amore
822 2727 928 2818 magis
935 2707 1040 2819 auam
1051 2727 1205 2798 orationis

170 2849 336 2941 elegantia
352 2859 410 2922 aut
427 2848 641 2921 vehementia
656 2831 832 2942 egregius,
851 2850 988 2921 minime
1004 2859 1128 2935 orator,
1144 2871 1207 2920 nee

168 2979 236 3042 tarn
252 2992 290 3043 re
309 2982 342 3043 et
361 2972 435 3045 stilo
453 2992 553 3065 quam
578 2971 712 3042 nomine
730 2981 763 3042 et
777 2965 901 3065 pietate
915 2993 996 3044 vere
1010 2971 1207 3044 Ciceronia-

174 3113 248 3165 nus.
263 3092 552 3188 Quiquidem,1am
565 3094 697 3164 ineunte
708 3095 849 3186 septimo
860 3095 991 3166 decimo
1003 3095 1123 3166 saeeulo
1135 3091 1205 3188 (2),

210 3301 247 3372 (l)
261 3303 349 3370 Quem
361 3303 473 3361 eximiis
488 3313 569 3362 ornat
586 3306 720 3362 laudibus
734 3306 832 3364 Bnillct
849 3323 855 3356 τ
873 3327 888 3358 a
899 3307 999 3364 C'etait
1017 3306 1149 3362 l'homme
1170 3305 1210 3360 du

174 3388 336 3461 plusgraud
348 3404 503 3444 commarca
515 3389 550 3444 de
569 3404 619 3444 sou
631 3389 714 3446 siecle
733 3406 804 3462 pour
823 3393 863 3446 les
880 3391 1089 3454 balles-lettres,
1103 3395 1131 3443 et
1147 3392 1209 3444 tous

174 3471 214 3527 les
235 3476 347 3526 savants
358 3469 469 3526 avaient
487 3477 602 3543 rapport
620 3471 635 3526 a
649 3471 690 3526 lui
705 3471 739 3528 de
753 3479 815 3530 tous
829 3475 868 3529 les
880 3474 956 3530 cotes
968 3473 1003 3528 de
1017 3471 1168 3544 l’Europe,
1182 3479 1210 3528 at

174 3555 200 3610 le
212 3553 417 3611 consideraient
428 3570 538 3611 comme
553 3555 616 3610 leur
636 3563 741 3612 centra.
757 3556 845 3612 Aussi
858 3557 965 3613 avait-il
977 3562 1067 3612 toules
1082 3557 1121 3612 les
1138 3571 1209 3630 qua·

174 3635 238 3694 lites
252 3636 419 3694 necessaires
434 3651 506 3708 pour
517 3634 656 3708 repondra
674 3643 940 3709 avantageusament
958 3640 974 3695 ir
993 3641 1053 3695 leur
1066 3644 1170 3695 attente
1182 3646 1210 3694 et

175 3719 277 3778 ileum
295 3719 422 3788 heccine,
444 3720 589 3789 beaucoup
608 3717 789 3786 d'eruditiom
805 3722 994 3788 d'uonnerete
1019 3723 1054 3778 de
1073 3721 1208 3783 candem,

176 3799 210 3856 de
222 3801 367 3871 siccariae,
385 3801 420 3858 de
435 3800 607 3874 generosae,
626 3801 661 3857 de
680 3801 869 3874 pietesolide,
893 3814 921 3862 et
940 3821 996 3862 une
1014 3805 1128 3878 passion
1148 3810 1212 3859 tout

176 3885 395 3942 extraordinaira
425 3901 498 3958 pour
517 3883 627 3955 obliger
654 3891 716 3941 tout
745 3885 771 3942 le
795 3887 912 3954 monde,
939 3889 974 3946 de
999 3889 1120 3962 quelque
1143 3899 1210 3958 pays

177 3971 205 4022 et
225 3965 259 4021 de
281 3969 401 4040 quelque
417 3967 535 4040 religion
559 3985 613 4042 que
634 3968 689 4025 l’ou
707 3967 785 4025 lut.»
811 3969 994 4045 (lugements
1015 3973 1063 4028 des
1082 3974 1209 4033 savants,

177 4059 198 4108 t.
219 4051 270 4122 11.)

213 4135 251 4206 (2)
262 4135 358 4194 Cicero
373 4155 387 4194 a
400 4139 549 4198 calumniis
558 4140 725 4216 vindicatus,
735 4141 815 4200 tolo.

1072 4241 1088 4297 t
