2950 4820
595 325 635 340 ...
663 291 682 356 5
708 325 748 336 ..

158 429 236 500 bum
249 436 408 498 renovata
420 436 483 498 est.
495 427 641 512 Quorum
656 427 750 511 alter,
764 422 998 496 aum‘doouinae
1012 426 1183 512 varietate,

159 563 231 621 tum
261 550 386 640 ingenii
422 549 565 635 fiducia,
595 548 743 618 Politiani
782 547 901 639 suique
932 546 1090 616 avunculi
1123 546 1189 616 dis·

158 674 308 765 cipulus,
325 671 565 742 recentioribus
579 670 693 741 litteris
716 670 857 739 liberum
875 668 1018 759 spatium
1035 675 1068 736 et
1085 667 1183 758 peri-

158 794 308 866 culosam
324 792 469 862 novandi
485 800 517 861 et
539 791 728 861 inveniendi
750 790 853 860 aleam
874 789 1084 869 vindicabam
1107 787 1190 860 alter

158 917 259 1001 vero,
275 917 349 1008 pius
374 924 524 984 veterum
542 913 659 996 cultor,
675 912 867 983 Imitationis
886 912 991 982 cliens
1010 919 1043 980 et
1075 919 1190 1001 patro·

160 1059 237 1124 nus,
255 1040 342 1108 intra
355 1045 547 1128 perpetuam
560 1031 660 1104 unius
671 1032 829 1118 auctoris,
847 1055 886 1104 ac
901 1032 1192 1104 maxime'Cioero·

160 1161 213 1231 nis
225 1157 490 1241 aemulationem,
507 1157 629 1225 versari
648 1164 816 1226 aratorem
832 1155 968 1246 jubebat
996 1179 1004 1222 ε
1024 1153 1075 1223 vir
1089 1161 1190 1222 eaete-

161 1301 235 1351 rum
251 1276 407 1364 eximius,
428 1276 468 1345 de
484 1297 549 1369 quo
565 1283 679 1366 postea
694 1274 825 1367 plenius
841 1295 880 1345 aa
899 1275 1001 1345 fusius
1014 1273 1191 1343 dicendum

163 1401 236 1469 erit.
255 1398 413 1489 Utrinque
429 1396 541 1489 igitur,
559 1397 620 1467 etsi
629 1395 699 1487 jam
714 1395 884 1467 fervebant
903 1399 965 1466 ista
978 1395 1100 1482 studia,
1117 1394 1189 1495 pari
1249 1451 1252 1458 ,

163 1531 273 1591 tamen
291 1521 418 1611 ingenii
432 1520 639 1590 humanitate
655 1514 693 1589 'et
715 1519 817 1590 animi
832 1519 992 1590 modestia
1011 1518 1052 1588 de
1074 1517 1193 1586 lmita-

161 1646 251 1714 tione
273 1642 475 1732 disputatum
505 1651 567 1712 est.
600 1641 698 1710 Picus
721 1640 964 1710 Mirandnlanns
987 1639 1189 1722 orationem,

102 1805 105 1811 ,
163 1764 215 1834 vel
231 1765 353 1854 potius,
369 1773 406 1832 ut
421 1764 491 1853 ipse
506 1761 639 1844 fatetur,
659 1781 859 1849 sermonem,
876 1761 962 1829 intra
974 1781 1031 1829 sex
1045 1769 1101 1829 aut
1118 1781 1195 1849 sep·

163 1896 231 1958 tem
249 1887 347 1956 horas
366 1880 585 1973 extemporali
603 1880 820 1965 testinatione,
840 1903 860 1951 a
879 1903 944 1972 qna
957 1880 1057 1971 longe
1072 1880 1192 1949 abhor-

164 2005 282 2075 rebant
301 2002 528 2084 Ciceraniani,
548 1999 763 2092 compositum
781 2001 868 2092 prior
884 2001 926 2072 ad
943 2001 1105 2070 bombum
1123 2001 1193 2069 mi-

165 2123 286 2222 sit(l).
309 2124 427 2210 Quoin
442 2121 621 2214 opusculo,
643 2123 719 2194 lieet
745 2123 838 2193 brevi
861 2133 895 2194 et
922 2122 1089 2207 modesto,
1105 2143 1191 2192 non-

165 2250 265 2320 nullae
274 2248 406 2342 quidem
418 2269 514 2318 novae
527 2256 561 2320 et
574 2247 716 2318 audaces
730 2249 923 2320 eminebant
937 2246 1119 2318 sententiae.
1137 2246 1194 2316 Et-

167 2373 257 2444 enim
284 2372 505 2442 contendebat
529 2398 543 2434 a
568 2369 739 2464 Virpa'la'aaa
763 2369 804 2442 ab
828 2369 934 2442 Eaaio
952 2369 1052 2464 plara
1073 2367 1194 2462 ereptae

166 2503 348 2564 mutuatam
363 2514 432 2563 esee
440 2516 452 2578 ;
464 2491 596 2585 iapear'a
611 2483 869 2564 ereaaereaera'aa
880 2513 979 2588 qaam
991 2489 1191 2576 deareaaere,

168 2623 200 2686 et
222 2611 384 2685 homiaem
404 2611 516 2684 stadia
537 2633 663 2706 semper
685 2613 720 2682 a'a
744 2613 860 2683 mellae
874 2611 1029 2706 propreda‘
1055 2609 1192 2694 dedere;

168 2735 285 2828 calpae
311 2756 385 2806 acra
416 2731 523 2818 aetati,
547 2732 664 2828 eulpae
692 2729 833 2820 bamini,
849 2711 899 2802 'at
925 2731 1095 2827 propriam
1135 2730 1195 2800 a‘a-

169 2856 277 2930 dalem
295 2856 510 2956 propriasque
522 2854 710 2945 sententiaa,
726 2854 774 2926 ita
784 2855 953 2950 propriam
963 2852 1195 2926 sententiarum

170 2977 317 3053 babilam
330 2991 363 3051 et
378 2979 500 3052 cattam
515 2999 594 3050 erae.
617 3008 634 3042 a
652 2979 737 3049 Huic
757 2987 793 3048 ut
806 2978 1034 3070 responderet,
1051 2976 1195 3047 Bembus

172 3103 376 3194 elegantem,
392 3113 597 3192 accuratam,
621 3103 805 3194 saltemque
819 3110 852 3172 et
865 3101 1017 3172 omnibus
1037 3099 1196 3170 Tullianae

170 3225 331 3296 laeundiae
345 3224 511 3315 leporibus
529 3211 698 3296 conditam
721 3225 823 3294 edidit
842 3224 1044 3304 orationem,
1065 3243 1131 3311 qna
1152 3220 1197 3292 si-

173 3344 243 3414 mul
267 3354 302 3414 et
327 3349 425 3432 animi
444 3339 639 3434 candorem,
660 3357 694 3419 et
713 3347 836 3437 ingenii
859 3344 1075 3414 urbanitatem
1092 3350 1124 3411 et
1143 3342 1195 3412 ui-

173 3465 275 3536 miam
297 3463 333 3534 in
347 3467 502 3536 tentanda
519 3469 571 3536 via
597 3467 805 3538 timiditatem
819 3464 1007 3536 declarabat
1022 3457 1091 3558 (ἓ).
1113 3493 1127 3522 α
1149 3463 1197 3534 De

174 3605 257 3676 mea,
276 3582 395 3679 iuquit,
412 3583 518 3655 aalma
532 3595 658 3656 tautam
675 3585 733 3657 tibi
747 3584 917 3680 affirmare
928 3581 1197 3680 paneamaallam
1255 3591 1258 3596 '

176 3707 364 3779 inmortali
379 3705 679 3801 [canawellam
696 3705 842 3780 dictandi
866 3705 1077 3778 aimalaaram
1099 3715 1198 3776 antea

214 4014 252 4086 (1)
266 4015 323 4072 Pia.
335 4014 458 4073 Mirand.
473 4017 508 4074 ud
518 4015 629 4081 bamb„
642 3980 860 4079 Delmitaliane‚
874 4013 953 4072 lata.

195 4098 251 4174 [(2)
263 4099 360 4156 llemb.
377 4101 412 4156 ad
425 4100 482 4158 Pia.
498 4099 633 4165 Mirand.‚
651 4098 689 4154 De
703 4097 872 4154 Imitatione.
