2950 4820
615 338 618 343 ,
717 269 871 334 -s-

281 406 357 476 dam
374 405 658 477 arbitrabamur.»
675 406 764 490 Quos
775 414 811 478 ut
823 403 991 477 refelleret
1003 405 1311 498 Erasmusprimum

280 527 322 599 ab
340 526 561 599 adolescentia
576 528 756 620 composito
775 535 808 596 et
825 536 938 618 postca
957 528 1045 598 edito
1060 525 1113 622 (l)
1130 529 1308 600 anti-bar·-

279 648 435 720 barorum
453 649 534 720 libro
555 651 587 719 iu
606 649 711 720 aciem
727 659 945 740 processerat.
969 650 1034 720 Vin
1053 661 1164 722 autem
1185 659 1314 722 remota
1392 631 1395 640 ¹
1455 669 1456 696 ¹

279 771 446 854 barbarie,
459 767 534 842 cum
559 771 653 841 novis
677 771 797 840 studiis
815 769 950 842 liberius
970 773 1114 863 spatium
1132 782 1167 843 et
1184 775 1315 844 mitiora
1358 835 1365 847 .

279 893 345 962 sata
358 901 470 981 patere
488 889 693 975 viderentur,
713 892 895 962 litterarum
912 893 1153 983 rempublicam
1163 893 1230 985 jam
1253 895 1314 964 llo·

279 1027 405 1088 rentem
423 1015 531 1086 aerius
544 1017 662 1087 invasit
676 1016 855 1088 domestica
867 1016 920 1088 illa
935 1016 1227 1089 Ciceronianorum
1239 1041 1315 1110 pes·

278 1138 335 1220 tls,
354 1135 556 1208 etex‘ltalia
575 1160 633 1230 per
655 1147 757 1209 totam
783 1139 946 1231 Europam
968 1142 1067 1231 ompit
1092 1141 1226 1232 evagari
1241 1137 1311 1235 (E).

284 1258 479 1352 Cuiquidcm
511 1261 660 1351 gliscenti
677 1261 790 1332 morbo
812 1263 936 1332 consilii
955 1283 992 1332 ac
1005 1265 1088 1333 risus
1106 1264 1156 1333 sui
1176 1263 1315 1332 medici·

281 1403 359 1452 nam
379 1383 685 1474 ailerreaggressus
701 1393 752 1471 est
770 1383 940 1468 Erasmus,
965 1385 1052 1456 idem
1076 1386 1132 1456 ille
1154 1384 1314 1456 barbaro·

284 1526 359 1575 rum
379 1506 580 1589 insectator,
604 1527 755 1576 summos
770 1507 819 1575 vir
833 1507 931 1592 lama,
949 1507 1097 1578 doctriua
1112 1518 1146 1578 et
1160 1508 1313 1599 ingenio,

287 1626 509 1718 lepidissimus
530 1628 677 1699 omnium
703 1629 915 1700 ridiculorum
934 1632 1138 1722 castigator,
1155 1632 1317 1702 libertatis

283 1769 410 1834 amam,
431 1750 614 1842 omnigenae
640 1753 693 1822 vel
719 1751 884 1842 religionis
910 1753 965 1822 vel
987 1753 1171 1823 litterarum
1197 1773 1317 1844 super·

282 1871 405 1943 stitioui
427 1873 591 1960 intensus,
605 1895 694 1944 nuno
711 1875 741 1942 in
753 1875 960 1965 expellendis
972 1875 1318 1947 sordibussobolasti-

284 1993 351 2076 cis,
375 2015 463 2064 uunc
493 1995 524 2064 iu
549 1997 679 2066 tuendis
704 1997 783 2087 ipsis
807 2005 922 2067 contra
948 1998 1166 2069 recentiorum
1190 1998 1317 2068 lastidia

282 2115 443 2186 Ecclesiae
458 2117 606 2188 Patribus
621 2127 679 2188 aut
690 2117 809 2188 Mediae
821 2118 938 2188 Etatis
961 2118 1103 2210 ingeniis
1122 2120 1314 2204 acerrimus,

284 2237 379 2328 cujus
404 2259 444 2308 ea
467 2239 643 2330 singularis
667 2240 794 2308 lortuna
816 2240 875 2310 luit
896 2249 955 2324 ut,
988 2241 1202 2312 restitueudae
1227 2241 1317 2333 pacis

284 2349 465 2442 studiosus,
482 2369 640 2450 perpetuo
655 2359 793 2431 beliaex
807 2359 905 2430 bellis
918 2369 1057 2450 sereret,
1074 2370 1121 2448 et,
1138 2361 1317 2450 apartibus

284 2500 323 2550 ao
341 2480 536 2551 factionibus
556 2480 750 2565 abhorrens,
775 2501 985 2574 quocumque
1001 2504 1136 2554 manum
1159 2483 1316 2556 admove·

263 2667 265 2674 .
284 2610 348 2689 rot,
363 2602 410 2673 ibi
424 2603 520 2673 simul
531 2603 693 2676 excitaret
708 2603 870 2673 tumultus
889 2612 922 2672 et
937 2603 1105 2674 incendia.

334 2725 444 2797 Vl.-—
456 2727 514 2795 llis
527 2727 749 2816 temporibus,
765 2728 849 2798 inter
864 2727 1021 2797 bonarum
1035 2728 1153 2797 artium
1174 2727 1318 2797 lautores

286 2845 401 2916 duaein
413 2845 543 2936 Europa
558 2854 654 2916 erant
671 2847 860 2938 praeeipuae,
874 2858 909 2917 ut
924 2849 967 2917 ita
982 2848 1315 2936 dicam‚eruditorum

286 2974 501 3056 gentes‚cum
514 2966 644 3048 studiis,
656 2973 725 3035 tum
741 2965 859 3035 linibus
874 2973 1036 3036 terrarum
1047 2986 1086 3037 ao
1099 2969 1317 3038 montiumse-

322 3248 531 3318 (lJuNondum
556 3263 663 3302 anuum
688 3245 851 3317 vigesimum
872 3221 1035 3317 attigedam‚
1061 3264 1125 3303 cum
1150 3247 1202 3304 boc
1226 3247 1318 3321 operis

288 3349 351 3388 sum
365 3347 520 3405 aggressus.
537 3329 667 3386 Pauculis
680 3329 781 3385 deinde
795 3335 857 3402 post
871 3329 952 3385 annis
967 3328 1057 3385 risum
1068 3338 1111 3387 est
1130 3330 1160 3386 in
1175 3330 1317 3402 dialogum

287 3422 422 3481 retexere,
435 3431 490 3488 quo
504 3413 586 3471 lectio
598 3412 691 3469 miuus
704 3411 777 3469 taedii
796 3412 921 3469 baberet.
935 3411 1036 3484 Operis
1050 3429 1189 3471 summam
1205 3415 1233 3469 in
1246 3431 1318 3486 qua-

288 3506 352 3554 tuor
366 3499 452 3555 libros
469 3499 674 3571 digesseram.»
692 3496 934 3572 (Erasmdoanni
954 3497 1057 3570 Sapido
1076 3513 1149 3564 suo,
1164 3497 1315 3554 anti-barb.

288 3580 340 3637 lib.
356 3582 473 3653 praelat.)
1118 3589 1120 3594 ’

325 3665 397 3722 Cum
412 3675 505 3722 autem
523 3667 630 3740 primus
642 3669 712 3724 liber
725 3667 798 3724 lurto
813 3668 980 3739 subreptus,
1005 3666 1094 3723 inscio
1113 3674 1225 3725 auctore
1245 3668 1316 3740 ipso,

290 3751 394 3809 Lovani
408 3768 526 3808 excusus
542 3762 623 3820 esset,
645 3754 778 3810 Erasmus
797 3751 873 3807 aliud
894 3753 953 3822 ejus
975 3753 1137 3824 exemplum
1156 3750 1270 3822 politius
1291 3757 1318 3806 et

290 3835 428 3892 excultius
453 3834 481 3889 in
509 3837 598 3892 lucem
623 3835 667 3892 edi
688 3834 805 3892 curavit.
823 3835 912 3900 Quem
931 3851 966 3890 ex
983 3840 1103 3906 quatuor
1126 3832 1205 3890 libris
1228 3836 1316 3890 solum

290 3917 519 3974 hodietene'mus.

326 4001 363 4070 (l)
372 4019 387 4052 o
395 3999 475 4056 Hanc
485 3997 584 4054 lebrim
593 3999 674 4054 uobis
685 3999 804 4056 immisit
816 4000 908 4067 ltalia,
917 4017 951 4056 ne
961 4017 1016 4073 qua
1026 4016 1090 4074 pars
1101 4007 1172 4056 esset
1182 4000 1317 4056 immunis

290 4100 305 4139 a
320 4083 498 4140 discordiis.»
510 4081 660 4151 (Ludorico
674 4075 815 4156 Eerquino
826 4084 935 4141 Erasmi
952 4085 1054 4158 Epist,
1067 4083 1102 4140 12
1116 4085 1176 4140 dee.
1197 4081 1288 4152 lma.)
