2950 4820
676 227 721 242 ..
744 191 787 256 62
811 227 854 239 ..

253 333 365 431 quadi
387 330 610 428 antiquarium
640 328 741 427 lipsii
765 325 877 403 stilum
897 325 1098 425 indagitattt)
1120 326 1284 423 Palleatra

250 458 359 551 panea
373 454 511 528 Hmrioi
520 450 683 550 Stephani
694 450 905 538 Pariaiensis,
918 471 978 522 aee
997 450 1208 545 dimissioni,
1222 474 1284 524 aee

253 577 460 675 Lipsionomi,
487 598 548 650 aaa
583 572 825 670 Lipsioaolaeis,
841 571 1004 667 multoque
1021 572 1129 644 minas
1154 572 1285 668 lipsio-

251 700 423 796 mastigi35
443 700 623 790 additoque
638 706 798 788 praeterea
817 696 880 766 hoe
894 705 1157 789 temperamento
1173 717 1180 766 :
1196 723 1213 758 α
1227 695 1282 765 li·

253 821 362 896 lartas
385 821 457 895 volo
487 821 530 893 sit
548 819 717 906 latinitati,
738 816 797 891 sed
822 817 955 892 litantia
981 817 1055 890 nolo
1074 816 1280 890 datarilli.»

251 947 301 1016 Ea
327 946 431 1036 igitur
456 943 571 1036 judieii
599 953 631 1012 et
655 941 751 1012 verbi
778 940 954 1030 modestia,
987 961 1061 1033 quae
1084 961 1284 1032 magnorum

250 1069 460 1160 ingeniorum
484 1076 535 1138 est
549 1065 698 1159 propria,
715 1062 906 1156 Stephanus
921 1083 958 1134 se
976 1062 1109 1156 quidem
1125 1083 1191 1134 non
1209 1063 1285 1154 Lip-

251 1191 316 1272 sio,
333 1191 392 1260 sed
417 1188 654 1280 Lipsiomimis,
671 1187 844 1258 clarissimi
871 1186 936 1258 viri
952 1185 1069 1271 simiis,
1090 1185 1211 1256 bellum
1230 1186 1283 1256 in-

251 1313 363 1382 dicere
380 1312 609 1402 profitebatur,
625 1309 659 1378 in
672 1308 737 1378 hoo
751 1329 832 1378 vere
844 1309 985 1392 Erasmi,
1008 1307 1124 1379 Mureti
1141 1316 1175 1378 et
1190 1307 1284 1376 Remi

252 1431 447 1522 discipulus,
474 1450 549 1500 cum
575 1429 689 1498 omnia
712 1427 842 1518 lugeret
869 1437 1032 1512 extrema,
1058 1427 1286 1518 libertatisque

253 1552 351 1622 simul
371 1561 405 1624 et
420 1571 510 1628 sanae
528 1551 649 1621 mentis
666 1570 802 1620 eausam
816 1560 939 1641 ageret.

300 1675 511 1746 illudentem
530 1695 614 1766 opus
638 1672 793 1743 Mauritio
816 1671 942 1742 Hessiae
964 1671 1170 1762 landgravio
1187 1670 1285 1740 dedi-

255 1805 366 1869 catum
398 1805 481 1868 erat.
515 1796 721 1887 Quaquidem
757 1795 792 1863 in
826 1793 1036 1878 dedicatione
1068 1813 1203 1863 omnem
1233 1791 1286 1862 sui

252 1919 326 1989 libri
343 1920 504 1990 rationem
522 1917 675 2008 exponit,
691 1925 869 2007 monetque
883 1937 918 1986 se
931 1937 1006 1986 eum
1021 1915 1127 1986 bonas
1146 1914 1285 1998 litteras,

254 2052 325 2112 tum
354 2042 458 2113 bonos
487 2060 598 2109 mores
630 2039 735 2126 tueri;
769 2047 997 2131 praetereaque
1019 2047 1182 2110 memorat
1207 2037 1287 2109 olim

253 2163 344 2256 apud
361 2165 529 2233 Romanos
557 2161 618 2232 sub
646 2161 730 2231 Divo
756 2159 909 2252 Augusto
934 2162 1107 2255 antiquarii
1123 2161 1288 2232 sermonis

253 2311 400 2380 aucupes
421 2288 488 2380 jam
520 2287 702 2370 exstitisse,
734 2307 856 2376 eosque
890 2286 1027 2357 minime
1054 2285 1177 2358 Caesari
1207 2285 1286 2377 pla-

254 2412 385 2494 cuisse,
411 2410 500 2480 unde
528 2408 664 2479 eosdem
691 2407 861 2494 Mauritio,
887 2407 985 2500 hujus
1015 2409 1095 2480 tanti
1125 2408 1286 2500 principis

254 2534 387 2616 aemulo,
417 2532 556 2602 minime
580 2528 746 2620 jucundos
769 2528 837 2600 iore
868 2539 1064 2620 auguratur.
1094 2530 1195 2600 Paulo
1212 2537 1287 2620 post
1402 2623 1405 2628 A

254 2655 355 2725 etiam
371 2653 405 2723 in
420 2651 625 2745 praelatione,
642 2650 878 2743 qualeetorem
898 2650 1087 2741 alloquitur,
1103 2651 1287 2724 reeentium

254 2796 335 2845 sane
351 2774 559 2866 politicarum
573 2791 685 2842 rerum
710 2772 883 2856 memoria,
905 2773 1095 2863 Lipsianam
1108 2770 1288 2843 factionem

255 2915 332 2966 aum
360 2895 485 2964 Sancta
512 2890 595 2986 Liga
619 2889 872 2987 eomparat(d).
893 2893 1019 2977 «Quod
1045 2894 1145 2975 enim,
1166 2892 1285 2984 inquit,

256 3013 380 3084 Gallica
396 3012 479 3103 liga
489 3011 754 3084 adversushuna
768 3034 900 3105 quoque
917 3035 1034 3085 verum
1052 3023 1086 3085 et
1101 3014 1288 3106 legitimum

256 3134 369 3205 Galliae
387 3153 503 3224 regern
519 3132 632 3202 molita
655 3141 721 3218 est,
737 3133 912 3223 Hispanico
933 3127 1056 3206 auxilio
1072 3135 1170 3220 treta,
1198 3137 1288 3207 idem

257 3266 348 3328 saeta
368 3255 567 3348 antiquaria,
588 3275 665 3348 quae
695 3255 830 3326 tandem
859 3255 959 3350 (proh
980 3255 1109 3351 dolori)
1135 3259 1240 3330 evasit
1254 3259 1288 3328 in

258 3387 390 3468 gentem
409 3395 579 3467 magnam,
602 3397 641 3448 aa
659 3397 735 3470 quae
761 3377 910 3468 quotidie
937 3378 1044 3470 magis
1062 3378 1236 3471 magisque
1252 3379 1289 3448 dt

256 3495 430 3588 populosa,
451 3497 610 3569 adversus
632 3499 777 3570 florentis
798 3499 912 3570 Romae
935 3500 1146 3586 latinitatem,
1172 3521 1289 3570 veram

260 3631 293 3693 et
320 3620 508 3711 legitimam
536 3622 641 3693 Latini
671 3623 795 3716 eloquii
820 3624 984 3716 reginam,
1010 3625 1152 3696 molitur.
1177 3655 1192 3687 ι
1214 3625 1288 3716 lpse

258 3751 371 3814 antem
389 3741 526 3833 legitimi
549 3744 646 3834 regni
666 3743 772 3815 lautor
798 3746 839 3816 ad
864 3745 1021 3837 legitimae
1043 3743 1211 3818 latinitatis
1233 3745 1289 3838 jus

295 3990 333 4061 (lt
342 3991 383 4049 lle
392 3989 467 4064 lips.
482 3987 659 4046 Lat.1¹raelat.
