2950 4820
732 340 773 366 .-.
797 321 840 388 20
863 357 906 369 .-

305 463 346 534 ad
359 461 392 542 id
407 461 533 532 enisum
551 461 651 532 luisse
670 469 706 530 ut
718 461 908 536 ostenderet
921 483 985 554 quo
1000 470 1095 553 pacto
1115 458 1229 532 Cicero
1250 481 1330 534 vere

304 591 417 680 posset
432 581 589 672 exprimi,
604 590 637 651 et
655 582 724 673 ejus
736 581 890 652 facundia
909 604 987 654 cum
1003 583 1191 654 Christiana
1206 583 1331 674 pietate

303 705 464 798 copulari.
491 703 605 798 Neque
629 701 684 774 illa
702 714 791 776 certe
816 703 986 777 Ciceronis
1010 707 1185 776 admiratio
1201 705 1274 796 jure
1295 707 1330 776 in

302 827 440 900 dubium
465 826 577 896 vocari
605 835 754 918 poterat,
783 849 860 898 cum
889 828 979 920 ipsc,
1008 830 1041 900 in
1070 830 1329 903 Tusculanarum
1394 914 1397 920 ,

301 947 520 1042 questionum
536 946 748 1038 prelatione,
765 949 851 1040 apud
872 950 962 1020 hunc
986 951 1146 1022 ltomnnae
1166 952 1328 1042 eloquen-

300 1067 356 1138 tiae
366 1067 545 1157 principem
561 1086 627 1136 non
643 1068 740 1138 modo
755 1067 900 1138 divinam
914 1072 1092 1161 quamdam
1105 1072 1269 1147 sermonis
1282 1071 1330 1142 lc·-

300 1187 456 1260 licitatem
469 1241 478 1272 ,
493 1187 549 1256 sed
570 1187 670 1258 etiarn
687 1189 804 1259 eruditi
823 1193 969 1282 pectoris
987 1193 1237 1265 sanctimoniam
1262 1192 1330 1262 lau·

300 1310 414 1394 daret,
436 1319 486 1393 et,
510 1309 544 1380 in
567 1307 716 1380 Convicio
742 1307 920 1404 Rcllqloso,
949 1313 1066 1384 codem
1091 1314 1176 1384 inter
1199 1325 1329 1386 sanctus

300 1453 377 1504 cnm
405 1433 537 1502 Socrate
559 1433 687 1522 posito,
713 1432 780 1502 lere
804 1434 1031 1508 exclamaret:
1057 1436 1174 1508 «Dice
1198 1434 1327 1526 Cicero,

299 1573 360 1621 cra
379 1571 437 1644 pro
461 1548 573 1622 cobis!
592 1579 609 1614 »
637 1577 654 1612 κ
677 1549 719 1620 Ει
741 1551 875 1621 fortasse
892 1552 992 1624 latius
1015 1575 1050 1624 se
1073 1555 1178 1624 fundit
1198 1554 1330 1646 spiritus

299 1672 419 1743 Christi
436 1693 536 1763 quarn
549 1693 608 1742 nos
621 1673 888 1762 interpretamur.
903 1673 945 1744 Et
960 1676 1050 1744 inulti
1069 1685 1143 1745 sunt
1153 1674 1187 1752 io
1200 1696 1330 1746 consor·

298 1793 341 1866 tic
358 1801 561 1881 sanctorum,
584 1795 722 1886 quinon
745 1804 820 1864 sunt
845 1793 933 1886 apud
958 1817 1018 1866 nos
1043 1797 1076 1867 in
1095 1798 1247 1889 catalogo
1252 1849 1326 1866 .....

297 1918 369 1990 Non
383 1938 517 2007 possum
544 1917 658 2008 legere
682 1917 802 1987 librum
828 1917 994 1989 Ciceronis
1016 1920 1057 1989 dc
1080 1920 1270 2003 Senectute,
1288 1917 1329 1988 de

285 2040 473 2128 ·Amicitia,
491 2041 531 2109 de
550 2037 690 2124 officiis,
706 2039 749 2110 de
763 2039 958 2110 Tusculanis
971 2042 1232 2132 quaestionibus
1251 2027 1329 2130 quin

299 2163 474 2254 aliquoties
493 2162 669 2234 exosculor
684 2162 850 2246 codicem,
869 2185 908 2232 cc
930 2184 1070 2234 venerer
1085 2173 1235 2236 sanctum
1249 2163 1328 2243 illud

298 2296 415 2378 pectus
446 2287 594 2356 alllatnm
622 2285 748 2355 coelcsti
767 2285 916 2356 numine.
943 2314 960 2350 x
985 2286 1126 2380 (Colloq.
1156 2287 1259 2357 famil.
1281 2326 1329 2338 -

298 2382 402 2478 Conv.
421 2405 492 2476 llel.
520 2401 648 2496 aaut.)
672 2405 833 2476 Praeterea
855 2415 902 2476 tot
925 2410 1093 2499 congestis
1117 2411 1148 2478 in
1168 2408 1329 2480 Barbaros

299 2529 390 2612 telis,
408 2537 456 2600 tot
470 2529 566 2598 etlitis
582 2527 818 2620 illustratisquc
833 2529 1046 2620 antiquorum
1063 2532 1231 2626 operibus
1251 2530 1329 2608 satis

297 2659 384 2724 tutos
407 2651 540 2742 quidem
565 2660 599 2720 et
616 2649 743 2742 amplos
762 2650 867 2722 vades
893 2651 1024 2723 dedisse
1046 2653 1234 2722 videbatur.
1263 2652 1328 2722 Sed

297 2772 468 2859 mortales,
485 2781 520 2842 ut
535 2772 580 2842 ait
597 2771 783 2861 Sallustius,
804 2773 999 2864 plerumque
1019 2783 1185 2865 postrema
1202 2772 1328 2844 memi-

300 2914 393 2964 nere.
421 2895 493 2964 Jarn
520 2894 593 2978 illa,
618 2916 693 2986 quac
715 2895 882 2988 quondam
905 2897 1063 2967 bonarum
1087 2896 1207 2970 artium
1228 2917 1328 2968 causa

298 3017 435 3088 meritus
452 3016 743 3108 lueratstipendia,
763 3017 797 3085 in
813 3017 1224 3090 oblivionemceciderunt.
1242 3018 1328 3092 Cou-
1450 3039 1451 3124 ᾗ

300 3139 391 3212 tinuc
406 3137 560 3232 publicus
572 3137 675 3208 hostis
687 3137 796 3208 sactus·
806 3148 876 3222 cst,
892 3147 1049 3231 tanquam
1064 3141 1092 3210 si

367 3347 369 3351 ⁴
420 3344 558 3404 minxerit
570 3343 599 3400 in
615 3344 719 3416 patrios
731 3343 852 3411 cineres,
868 3351 917 3400 aut
929 3345 1007 3404 triste
1018 3347 1145 3404 bidental

422 3428 676 3488 Moreritincestns
679 3468 733 3484 .....

348 3610 506 3694 Quaenam
524 3627 606 3678 vero
622 3607 718 3678 luerit
736 3608 807 3678 haec
828 3609 906 3679 belli
925 3612 1095 3694 machina,
1115 3611 1216 3696 unde,
1239 3613 1329 3682 velut
1450 3655 1451 3666 κ

299 3755 343 3803 ex
362 3754 447 3824 equo
468 3731 628 3820 Trojano,
647 3739 693 3800 tot
719 3730 792 3814 irae,
818 3732 1003 3802 simultates
1018 3755 1056 3803 ac
1071 3725 1252 3805 certamina
1270 3735 1327 3803 de·

298 3859 392 3948 lapsa
406 3862 499 3937 sunt,
514 3851 775 3942 explanandum.

347 3976 406 4047 Xl.
424 4013 471 4024 —
494 3971 652 4060 Dialogus
679 3972 733 4041 ille
752 3971 987 4044 Ciceronianus
1007 3976 1041 4043 in
1062 3985 1128 4046 tres
1153 3987 1264 4070 partes
1278 3978 1327 4048 di-

297 4097 366 4169 vidi
380 4102 509 4192 potest,
529 4111 667 4182 quarunt
684 4100 721 4162 ut
734 4093 852 4184 cuique
867 4115 928 4166 sua
945 4103 996 4166 cst
1010 4098 1167 4190 materia,
1186 4098 1231 4170 ita
1245 4120 1323 4192 spc-
1450 4163 1451 4166 ,
