2950 4820
731 286 885 356 :2-

299 426 446 497 studiosa
472 426 741 517 peregrinatione
760 426 946 496 rimaretur.
963 422 1040 496 lllox
1063 433 1172 496 autam
1187 445 1229 496 es
1251 423 1325 516 ipsa

296 548 510 618 admiratione
530 557 601 618 orta
619 557 669 618 est
684 547 848 618 aemulatio
868 545 1020 632 assidua,
1040 555 1096 631 et,
1118 555 1153 616 ut
1175 546 1326 638 plerum-

296 691 361 760 que
377 671 414 739 lit
426 670 459 738 in
473 669 628 740 humanis
643 669 756 753 rebus,
769 668 898 738 servilis
911 667 1060 739 imitatio.
1081 669 1173 739 Unde
1184 665 1322 756 bellum,

295 792 382 882 quod
402 791 497 860 nobis
514 800 565 861 est
578 792 826 882 exponendum.

342 911 396 980 lV.
406 951 446 962 --
459 912 543 982 Huio
559 912 744 982 renascenti
754 911 1041 983 Ciceronianorum
1054 912 1181 982 lautioui
1197 911 1326 983 obstitit

293 1033 434 1123 primum
452 1034 599 1124 Angelos
613 1033 808 1135 Politianus,
820 1036 870 1104 vir
885 1036 1031 1105 doctrina
1047 1045 1080 1104 et
1097 1034 1231 1125 iugenio
1248 1033 1323 1106 sin-

292 1157 435 1246 gularis,
456 1156 586 1239 Graeca,
605 1156 785 1246 latinaque
811 1165 844 1227 et
865 1157 973 1226 ltalioa
1001 1157 1114 1246 lingua
1140 1155 1321 1226 disertissi-

292 1299 388 1362 mus,
409 1299 477 1348 suae
495 1280 605 1348 aetatis
628 1279 728 1350 denus
755 1300 793 1349 ao
817 1279 1016 1369 prodigium.
1049 1278 1245 1370 Quiquidem
1268 1278 1324 1350 vel

291 1401 435 1491 ingenua
454 1401 597 1490 quadam
614 1401 713 1470 animi
729 1401 900 1482 libertate,
920 1401 973 1470 vel
993 1421 1130 1470 suarum
1151 1402 1253 1490 ipsius
1269 1401 1322 1468 vi-

291 1523 374 1591 rium
399 1523 518 1593 liduoia
540 1523 657 1611 fretus,
680 1543 794 1592 eorum
811 1523 1022 1592 timiditatem
1041 1531 1075 1592 et
1092 1521 1250 1591 desidiam
1268 1521 1323 1590 in-

291 1654 418 1735 erepat‚
435 1645 491 1740 qui
503 1643 627 1731 stilum,
642 1645 739 1740 quusi
746 1667 885 1741 ponam,
901 1642 1107 1740 frustillatim
1119 1643 1320 1728 mendicent,

288 1785 352 1836 neo
365 1788 410 1836 ex
426 1766 479 1837 die
493 1766 600 1836 solum
621 1767 751 1851 vivunt,
768 1767 827 1838 sed
856 1768 889 1836 in
909 1767 996 1837 diem
1015 1788 1021 1835 :
1044 1766 1104 1836 sibi
1118 1767 1204 1836 enim
1223 1766 1322 1856 longe

291 1886 514 1958 honestiorem
532 1887 634 1956 videri
654 1888 740 1958 tauri
756 1888 892 1974 laoiem,
910 1898 967 1958 aut
984 1887 1065 1960 item
1082 1888 1203 1973 leonis,
1220 1908 1319 1979 quam

289 2009 407 2092 simiae,
425 2029 499 2100 qum
516 2016 629 2076 tamen
644 2009 768 2078 homini
786 2008 922 2079 similior
937 2009 992 2079 sit.
1010 2010 1086 2080 Non
1100 2030 1173 2080 aum
1184 2007 1322 2080 dinero!

290 2125 947 2224 exclamat‚aedtomaumeeuptimoss).
958 2129 1164 2200 Haosoilioet
1175 2130 1322 2200 liberaet

289 2252 466 2343 aliquando
477 2273 596 2342 aspera
612 2251 862 2342 linguaefiducia
877 2253 1022 2322 amioum
1035 2261 1067 2322 et
1084 2251 1227 2322 sodalem
1238 2253 1321 2322 Pau·

290 2373 358 2443 lum
376 2373 576 2457 Cortesium3
593 2374 656 2444 isto
672 2374 786 2444 morbo
801 2374 1017 2459 laborantem,
1038 2374 1245 2446 admonebat.
1265 2374 1321 2445 llle

290 2516 384 2580 vero,
401 2494 628 2566 Cicerionauae
640 2495 882 2587 superstitionis
890 2506 1006 2580 tenax,
1022 2495 1230 2587 eujusgratia
1248 2497 1320 2587 epi-

290 2621 390 2694 stolas
411 2621 452 2692 ad
469 2621 567 2690 Tullii
595 2621 767 2712 exemplar
782 2642 960 2713 expressas
980 2620 1182 2712 eollegerat,
1203 2621 1321 2694 aeriter

290 2743 486 2815 lmitationis
497 2764 629 2814 oausam
641 2743 724 2834 egit,
738 2743 1016 2835 epistolaquidem
1031 2742 1187 2833 eleganti,
1202 2743 1321 2813 bellula

294 2875 328 2936 et
352 2865 504 2956 argutula
528 2861 599 2960 (2),
616 2875 653 2934 ut
673 2864 896 2952 ailBembus,
918 2865 977 2934 sed
994 2865 1118 2955 majore
1141 2865 1319 2935 verborum

294 3007 393 3078 quam
408 2994 678 3075 argumentorum
695 2985 774 3053 viat
787 2984 953 3075 pondere;
968 2986 1020 3055 his
1033 2986 1158 3056 seilicet
1169 2986 1317 3078 objectis,

293 3109 379 3200 quod
399 3129 443 3177 ex
463 3107 650 3176 lmitatione
668 3127 782 3176 omnes
802 3116 890 3177 artes
917 3117 1000 3180 ortae
1024 3110 1108 3194 sint,
1132 3130 1240 3201 neque
1261 3111 1320 3181 ali-

292 3231 368 3324 quid
383 3232 417 3300 iu
435 3229 602 3300 intellectu
620 3227 662 3298 sit
674 3228 760 3320 quod
775 3235 852 3298 aute
866 3207 932 3298 uon
948 3229 1045 3300 luerit
1061 3233 1211 3302 insensu
1232 3254 1241 3324 ;
1265 3232 1319 3302 ad·

292 3353 360 3424 dito
392 3360 555 3445 praeterea
591 3372 627 3421 se
652 3351 754 3448 multo
779 3351 885 3441 magis
911 3353 1009 3423 malle
1034 3354 1131 3424 'lullli
1159 3353 1319 3426 osaoolom

293 3489 351 3550 aut
367 3477 498 3550 omium
513 3498 585 3548 esse
603 3498 702 3568 quam
716 3477 862 3567 cujusvis
879 3479 981 3549 filium
998 3490 1057 3551 aut
1068 3482 1258 3551 alumnum.

317 3623 320 3629 ’
341 3601 482 3668 lneunte
500 3597 650 3690 proximo
664 3599 786 3669 saeoulo
804 3601 1027 3670 controversia
1039 3601 1104 3670 ista
1121 3601 1207 3671 inter
1219 3601 1319 3671 loan-

293 3742 371 3790 nem
386 3720 596 3789 Francisoum
615 3719 729 3790 Picum
741 3719 1007 3790 Mirandulanum
1022 3729 1056 3789 et
1070 3720 1202 3792 Petrum
1220 3722 1319 3793 Bem-

328 4017 367 4088 (1)
382 4018 458 4087 Arg.
473 4013 564 4081 Potiu,
576 4012 676 4086 Epist,
692 4014 741 4070 lib.
753 4032 814 4083 vrrs,
826 4014 861 4071 lo
870 4025 897 4072 et
908 4016 951 4072 17.

327 4104 365 4172 (i)
379 4098 457 4158 Pauli
472 4098 576 4156 Cortesi
591 4098 626 4156 ad
638 4100 741 4170 Augei.
757 4099 839 4156 Polit.
850 4101 930 4173 epist.
942 4101 1035 4172 (toto.)
1116 4177 1126 4188 Ι
