2950 4820
593 317 771 384 ...13-

271 458 349 530 Saepc
362 455 459 530 agitat,
472 455 629 530 repetitque
640 457 747 523 rolens,
763 470 876 512 narrare
889 455 996 514 solebat

271 540 410 598 Caeruleus
421 541 538 597 Proteus
541 579 596 596 .....
597 617 599 624 Α
609 539 645 611 (1)

213 704 314 797 Cujus
335 705 443 797 operis
462 705 495 774 in
514 702 652 775 exordio
671 702 784 775 Musas
804 704 913 794 ipsas,
935 704 1028 796 quasi
1051 704 1196 796 Virginis

164 829 297 900 Sancta
316 848 518 919 germanas,
542 826 594 895 his
616 825 791 896 malesanis
812 825 966 898 versibus
990 827 1192 899 invocabat:

271 995 505 1068 Quandoquidem
519 1009 606 1065 genus
616 1009 632 1049 e
644 994 712 1049 coelo
725 992 872 1060 deducitis,
888 1000 915 1050 et
929 1011 977 1052 ros

273 1080 427 1153 Virginitas
438 1084 593 1150 sanctaeque
600 1079 681 1149 jurat
688 1076 841 1134 reverentia
852 1077 948 1145 lama,

272 1163 333 1221 Vos
346 1163 445 1234 igitur,
458 1178 508 1218 seu
518 1177 583 1218 cura
598 1159 667 1232 poli,
680 1175 729 1216 scu
738 1158 867 1230 Virginis
875 1158 959 1232 hujus

270 1244 375 1317 Tangit
389 1244 488 1310 bonos,
501 1249 652 1299 monstrate
667 1241 751 1298 viam.

215 1395 300 1465 Vlll.
316 1434 360 1446 -
370 1393 536 1484 Relegatis
551 1402 663 1464 autem
678 1393 755 1464 binc
769 1392 887 1463 Mediae
900 1393 1020 1464 AEtatis
1033 1396 1194 1488 ingeniis,

166 1517 254 1587 illinc
267 1515 422 1586 Ecclesiae
436 1515 600 1598 Patribus,
620 1517 654 1584 in
669 1515 740 1585 dies
753 1536 834 1586 vero
848 1517 1093 1589 crescenteista
1104 1517 1197 1589 lasti·

169 1638 261 1707 diosa
271 1637 465 1708 deliciarum
480 1637 686 1722 curiositate,
707 1657 785 1706 mon
802 1637 903 1705 etiam
920 1646 1072 1708 veterum
1085 1651 1197 1712 auoto-

166 1780 241 1864 rum
259 1759 352 1829 lactas
364 1766 440 1827 sunt
452 1757 721 1846 proscriptiones.
741 1757 840 1825 Pauci
856 1756 990 1847 quidem
1008 1761 1041 1829 in
1058 1761 1195 1844 honore,

167 1900 231 1948 nec
248 1879 351 1946 multo
369 1885 444 1968 pust
461 1875 578 1945 Cicero
597 1895 701 1958 unus,
722 1875 1122 1962 caeteriseuterminatis,
1142 1880 1199 1951 di-

169 1999 264 2070 cendi
286 2006 378 2090 puter
396 2018 434 2066 ac
453 1999 608 2087 princeps
625 1996 756 2066 habitus
776 2006 841 2067 est.
868 1995 973 2088 Cujus
991 2000 1025 2067 in
1045 1999 1195 2084 vocibus,

167 2121 328 2202 numeris,
340 2120 493 2211 pedibus,
511 2119 616 2188 modis
629 2129 662 2188 et
676 2117 833 2189 clausulis
849 2119 1042 2206 referendis
1061 2131 1127 2193 tota
1142 2123 1197 2192 in-

165 2245 337 2334 geniorum
354 2245 462 2336 studia
477 2251 600 2312 morata
613 2252 701 2312 sunt.
720 2243 776 2312 Sic
791 2242 937 2329 adolevit¹
955 2243 1015 2313 ista
1031 2243 1197 2314 delicatis-

166 2365 249 2434 sima
261 2363 553 2435 Ciceroniancrum
568 2365 709 2434 societas
722 2363 858 2448 bellula,
875 2363 1017 2446 scitula,
1037 2364 1195 2454 torridulo,

167 2494 200 2555 ct
219 2484 413 2574 plerumque
434 2486 529 2554 vanis
550 2505 742 2554 sermonum
767 2485 934 2576 leporibus
951 2485 1197 2576 veneribusque

168 2605 374 2687 immoriens,
386 2627 484 2697 quam
497 2606 653 2674 Erasmus
667 2606 762 2676 nobis
778 2607 925 2676 ostendit
941 2616 1104 2696 perpetuo
1117 2605 1199 2677 dasi-

169 2725 298 2800 dautem
315 2726 350 2796 iu
370 2724 532 2798 Ciceronis
552 2724 759 2820 myrothecio
779 2747 818 2796 uc
840 2726 976 2798 rosariis
991 2735 1029 2796 at
1050 2726 1087 2796 ia
1110 2727 1199 2800 iliius

167 2847 234 2920 scic
252 2848 459 2943 optimatem
473 2843 541 2944 (2)
562 2848 651 2917 luter
669 2849 728 2918 has
746 2849 848 2940 igitur
866 2870 1013 2938 opercsae
1029 2849 1199 2920 latinitatis

168 2970 423 3040 exercitationes
447 2969 535 3039 inani
559 2970 777 3059 trepidatione
795 2969 954 3041 aestuabat
973 2970 1028 3041 illa
1043 2993 1146 3066 gens,
1165 2981 1199 3042 et

167 3113 331 3162 summam
344 3093 420 3162 vitae
432 3091 621 3162 felicitatem
641 3095 893 3185 maximumque
911 3093 1036 3184 ingenii
1053 3095 1198 3180 fructum

169 3236 244 3284 sese
265 3214 419 3304 adeptam
442 3214 544 3285 luisse
567 3216 807 3298 arbitrabatur,
832 3216 858 3285 si
883 3217 980 3287 mcdc
1003 3216 1200 3307 longissima

169 3337 292 3406 hiemis
308 3347 404 3406 nocte
423 3357 521 3406 unam
541 3347 598 3408 aut
615 3339 748 3409 alteram
766 3339 942 3407 verborum
953 3337 1142 3427 juncturam
1158 3338 1200 3409 ad

171 3457 340 3528 Ciceronis
369 3457 540 3544 exemplar
573 3459 804 3548 expressisset.
841 3456 968 3546 Quippe
1004 3457 1202 3530 Bonamicus

134 3668 136 3672 ι
170 3579 359 3650 declarabat
370 3599 406 3648 se
419 3577 511 3646 rnalle
524 3576 773 3648 Ciceronianum
790 3598 890 3669 quam
903 3576 1029 3668 Regem
1044 3590 1103 3650 aut
1118 3582 1202 3653 Pou-

171 3703 354 3771 ticemessc
374 3721 383 3768 :
406 3698 551 3768 Bembus
565 3706 676 3768 autem
692 3699 752 3767 sibi
768 3698 931 3787 potiorem
949 3699 1052 3770 videri
1069 3698 1201 3772 ulceri·

172 3821 271 3891 niane
286 3821 451 3891 scribendi
465 3821 656 3890 facultatem
672 3841 773 3911 quam
788 3820 947 3926 Ducatum
965 3820 1198 3894 Mantuanum.

210 4039 247 4108 (1)
259 4038 299 4094 De
311 4018 395 4096 Portu
410 4039 547 4112 Virginis,
562 4039 611 4096 lib.
625 4059 645 4108 r,
661 4057 717 4113 ru.¹

209 4121 245 4193 (2)
259 4121 379 4190 limam„
394 4121 521 4180 Ciceron.
536 4121 608 4179 nial.
