2950 4820
574 347 608 362 -
640 313 682 380 37
707 351 749 364 ..

149 462 184 527 et
195 455 307 526 anlmi¹
320 453 506 549 lenitatem,
529 471 596 544 qua
618 453 698 524 lorte
719 453 798 525 huic
818 459 906 526 tauto
928 455 1044 528 sceleri
1065 459 1172 531 easti-

149 576 258 668 gando
285 584 318 645 et
336 573 549 644 refrenandae
572 574 785 665 impudentiae
812 575 922 678 impar
947 577 1039 647 visus
1061 579 1170 651 luent.

147 698 224 770 Mox
240 708 350 769 autem
378 707 471 769 curat
494 719 536 766 ne
552 697 764 768 vehementia
794 698 924 790 longius
950 699 1172 774 desideretur.

147 820 296 912 Namque
313 801 459 912 aggestis
476 819 511 889 iu
527 818 700 888 Erasmum
725 819 941 910 criminibus,
968 822 1128 893 conviciis
1142 829 1176 893 et

149 941 346 1027 maledictis,
367 949 496 1012 enarrat
512 949 548 1009 ut
562 938 632 1027 ille,
654 949 756 1009 exuto
771 940 938 1032 religionis
951 953 1174 1030 sacramento,

148 1062 305 1154 bigitivus
317 1049 403 1153 apud
419 1060 516 1130 ltalos
530 1059 713 1151 parasitum
724 1062 828 1151 egerit
841 1087 850 1151 3
867 1072 903 1132 ut
917 1064 949 1133 in
960 1062 1033 1135 Aldi
1048 1066 1176 1137 officina

148 1184 559 1282 legendosemi-hominis,
574 1183 839 1274 potandoaulem
848 1185 1035 1276 Tergemini
1046 1185 1177 1278 Geryo·

138 1309 201 1378 'nis
215 1328 351 1399 operam
370 1289 573 1397 praetiterit,
590 1315 672 1398 quot
686 1309 719 1377 in
733 1307 842 1379 Mariae
854 1307 1011 1378 Encomio
1030 1317 1063 1378 et
1079 1308 1177 1380 collo·

149 1429 235 1520 quiis
262 1428 365 1518 impia
391 1427 491 1497 verba
519 1437 552 1498 et
576 1428 756 1519 sacrilegos
790 1428 876 1499 risus
906 1429 1105 1519 profuderit,
1138 1439 1176 1500 ut

147 1551 303 1635 tandem,
324 1550 515 1622 labefactato
537 1573 627 1621 verae
645 1551 773 1642 pietatis
788 1560 894 1640 statu,
921 1553 1118 1643 contemptis
1142 1563 1175 1624 et

147 1672 182 1741 in
196 1671 375 1742 ludibrium
392 1673 499 1742 versis
522 1670 744 1742 lesu-Christo
763 1679 795 1740 et
812 1671 879 1741 Deo
895 1671 1004 1760 Patre,
1025 1693 1084 1762 per
1100 1692 1174 1742 cam

146 1793 388 1865 immanitatem
407 1795 448 1864 ad
471 1793 727 1865 subvertendam
747 1793 843 1862 Tullii
866 1787 1003 1884 gloriam
1018 1793 1080 1863 sibi
1097 1814 1175 1885 gra·

148 1914 228 1985 dum
242 1916 370 1986 lecerit.
386 1916 573 1986 Praesertim
587 1937 668 1987 vero
688 1915 827 1999 civitatis
847 1917 1021 2005 Romanae,
1039 1915 1094 1986 cui
1108 1916 1176 1986 Ba·
1257 1922 1258 1925 ’

148 2038 263 2108 sileam
282 2047 484 2129 anteponere
496 2039 551 2108 illc
566 2061 667 2110 ausus
683 2047 791 2124 esset,
819 2048 853 2108 et
866 2038 1024 2109 ltalorum
1039 2059 1175 2109 suorum

147 2159 265 2252 iniuria
282 2151 679 2244 commotus,'(lermanos
695 2169 728 2230 et
747 2161 888 2231 Batavos
908 2181 1010 2251 super
1028 2159 1172 2231 ebrieta-

148 2292 181 2353 tc
203 2284 290 2353 male
308 2283 423 2354 audire
439 2292 701 2354 commemorat:
721 2282 807 2354 unde
825 2283 965 2353 Erasmo
983 2281 1175 2356 Ciceronia-

147 2425 266 2476 uorum
281 2405 441 2475 sobrietas
459 2426 536 2475 saue
550 2405 626 2476 ludo
641 2427 679 2476 ac
690 2405 764 2496 joco
778 2405 887 2475 luerit.
906 2405 978 2476 Mox
996 2413 1109 2476 autem
1123 2405 1173 2476 ira

148 2528 433 2617 ingravescente:
465 2553 482 2588 e
501 2530 746 2612 Omonstr‘nm,
771 2523 952 2610 acclamat,
973 2546 1036 2620 qno
1062 2535 1093 2596 ta
1117 2545 1175 2595 no·

149 2647 235 2718 mine
245 2645 431 2742 appellem?
439 2676 456 2712 »
469 2648 537 2720 Nec
548 2655 658 2717 lamen
671 2647 717 2716 illl
729 2647 821 2718 deest
834 2648 979 2738 plurima
993 2656 1027 2717 et
1041 2646 1175 2717 horrida

149 2771 324 2840 nominum
350 2792 462 2861 segen,
482 2791 558 2840 cum
580 2770 732 2840 eumdem
746 2765 944 2852 ballaenam,
970 2765 1175 2854 nebulonem,

148 2915 266 2965 aonam
276 2948 285 2981 ,
296 2892 524 2988 parricidam,
546 2893 752 2987 carnificem,
767 2914 866 2964 annm
878 2889 1077 2965 corniculam
1091 2915 1177 2965 ana-

150 3027 257 3089 tornm
271 3017 379 3090 oenlos
395 3016 536 3112 afflrdara
549 3029 739 3104 conantem,
759 3039 798 3088 ac
817 3016 979 3110 denique,
998 3027 1036 3088 ut
1048 3016 1179 3108 injuriae

149 3141 322 3212 cumulum
337 3141 449 3218 addat.
469 3145 631 3212 Batavum
643 3135 752 3212 vocet.
769 3141 945 3233 Postquam
959 3141 1096 3212 tandem
1110 3141 1174 3210 lar·

148 3282 194 3352 go
217 3263 394 3333 verborum
423 3263 559 3333 flumine
588 3263 826 3334 stomachantis
856 3263 957 3332 animi
979 3263 1072 3332 virus
1101 3282 1180 3331 evo·

148 3385 251 3468 muil,
268 3382 559 3454 Ciceronianorum
577 3394 610 3454 ct
626 3384 796 3456 Ciceronis
819 3405 955 3455 causam
971 3404 1073 3474 agere
1091 3381 1193 3482 inei-n

149 3505 209 3596 pit.
241 3504 448 3596 Quaquidem
480 3505 513 3574 iu
540 3505 696 3575 orationis
721 3514 814 3594 parte
841 3503 999 3574 nonnulla
1032 3504 1119 3575 seria
1148 3513 1181 3574 et

150 3629 275 3720 majore
292 3627 400 3700 studio
415 3627 516 3720 digua
530 3625 679 3697 invenire
697 3639 759 3717 est,
777 3629 847 3698 sive
862 3648 937 3698 eum
953 3649 1067 3699 veram
1083 3628 1180 3700 Cice-

151 3752 278 3821 rouiaui
303 3752 500 3844 imaginem,
526 3750 567 3821 ab
594 3749 729 3821 Erasmo
747 3751 981 3842 depravatam,
1011 3750 1178 3834 restituit;

150 3872 222 3942 sive
234 3894 308 3943 cum
322 3873 535 3960 Ciceronem,
550 3873 591 3944 Α.
603 3871 698 3943 Gellii
712 3873 882 3965 exemplo,
897 3873 1074 3946 soloecismi
1084 3894 1180 3944 reum
1206 3857 1208 3865 ,

150 3993 317 4077 delendit;
334 3999 405 4068 sive
420 3999 618 4088 praesertim,
631 4019 706 4067 cum
718 3997 862 4068 Sallustii
872 3997 1012 4067 nimium
1027 3997 1182 4068 decanta-

153 4126 220 4187 tam
239 4117 450 4208 brevitatem,
465 4143 530 4192 uon
548 4122 619 4193 sine
635 4123 775 4213 quadam
790 4121 904 4213 judicii
919 4121 1057 4193 audacia
1074 4128 1108 4190 et
1119 4138 1180 4190 no·
