2950 4820
696 277 870 342 ...26-

265 425 381 496 teriam
400 421 582 506 exhilaret,
605 429 770 492 oratorem
793 417 921 491 inducit
937 418 979 490 de
993 416 1114 490 Christi
1132 417 1294 511 redemp-

265 548 352 617 tione
382 543 596 616 Ciceroniana
627 562 720 613 more
746 541 924 612 dicentem.
949 539 1166 632 «Fingamus
1192 541 1294 632 igitur

266 667 475 758 exemplum,
508 664 595 736 hano
624 664 853 735 sententiam:
886 663 983 736 lesus
1017 663 1186 749 Christus,
1213 685 1294 734 ver·

266 787 346 858 bum
369 797 403 858 et
424 786 510 857 filius
530 785 657 857 AEterni
677 785 780 856 Patris
792 839 802 876 ,
824 785 921 878 juxta
943 785 1122 876 prophetas
1146 784 1239 856 venit
1261 785 1295 856 iu

266 910 442 994 mundum,
459 929 513 994 ae,
527 907 630 978 lactus
641 905 754 993 homo,
769 916 885 999 sponte
899 927 936 977 se
948 907 980 977 in
993 914 1132 978 mortem
1144 905 1292 992 tradidit,

265 1051 307 1121 ao,
329 1029 471 1099 redemit
500 1027 679 1099 Ecclesiam
708 1048 824 1113 suam,
859 1013 1041 1118 offensique
1075 1025 1180 1098 Patris
1203 1026 1294 1096 iram

265 1149 426 1221 avertite
452 1149 561 1220 nobis.
588 1179 603 1213 a
625 1148 680 1219 Sic
707 1148 819 1219 elleret
842 1147 1100 1219 Ciceronianus:
1128 1176 1144 1211 u
1171 1147 1294 1239 Optimi

264 1269 470 1361 maximique
482 1270 572 1341 lovis
585 1269 748 1360 interpres
763 1289 802 1338 ao
816 1268 914 1354 lilius,
931 1276 1093 1351 servator,
1107 1290 1183 1350 rex,
1196 1267 1294 1360 juxta

264 1399 381 1461 valum
397 1411 574 1482 responsa,
595 1411 639 1460 ex
654 1389 794 1481 Olympo
809 1388 974 1459 devolavit
986 1389 1021 1458 in
1033 1397 1154 1472 terras,
1167 1397 1213 1478 et,
1231 1387 1293 1460 ho·

267 1512 365 1582 minis
376 1521 546 1603 assumpta
554 1513 673 1602 figura,
686 1533 760 1582 sese
773 1531 831 1603 pro
845 1511 951 1582 salute
965 1510 1164 1602 Reipublicae
1176 1521 1294 1604 sponte

266 1634 401 1705 devovit
415 1635 491 1704 Deis
507 1634 668 1724 Manibus,
689 1643 788 1726 atque
804 1633 851 1704 ita
863 1635 1073 1719 concionem,
1088 1633 1160 1706 sive
1176 1633 1294 1705 civita·

266 1764 346 1842 tem,
361 1758 432 1829 sive
446 1757 694 1848 Rempublieam
708 1778 816 1841 suam,
828 1757 971 1828 asseruit
984 1758 1017 1828 in
1031 1757 1238 1846 libertatem,
1254 1779 1295 1828 ac

264 1877 355 1948 lovis
365 1876 490 1968 Optimi
499 1878 661 1948 vibratum
672 1879 707 1948 in
719 1887 831 1948 nostra
840 1877 949 1969 capita
961 1878 1088 1949 tulmen
1099 1879 1291 1950 restinxit.»

265 2039 314 2052 —
332 2001 416 2084 Quid
431 2010 544 2071 autem
563 2001 711 2072 insanius
729 2010 786 2072 aut
800 2002 907 2093 magis
923 2002 990 2071 risu
1004 2001 1140 2093 dignum
1156 2001 1294 2092 excogi-

265 2122 325 2192 tari
340 2121 468 2212 possit?
484 2122 619 2214 Nonne,
640 2123 667 2192 si
684 2123 901 2193 revivisceret
922 2121 1058 2208 Tullius,
1085 2143 1173 2194 nova
1192 2123 1293 2194 verba

265 2250 438 2332 usurparet
450 2250 483 2311 et
496 2241 591 2311 aliter
607 2241 648 2312 de
664 2241 862 2313 Christianis
876 2243 1091 2338 rebusquarn
1105 2243 1146 2314 de
1159 2265 1219 2314 sua
1229 2264 1294 2316 ,re-‘

264 2364 386 2455 ligione
396 2363 611 2457 loqueretur?
623 2363 714 2449 Quod
728 2365 829 2457 igitur
843 2367 896 2436 ille
915 2367 1058 2457 egisset,
1073 2367 1144 2458 eius
1160 2385 1293 2459 quoque

265 2488 395 2556 aemulis
410 2485 575 2577 agendum
590 2495 652 2572 est,
669 2487 697 2556 si
715 2488 812 2559 modo
826 2488 890 2560 diei
902 2489 1006 2558 velint
1019 2490 1138 2559 merito
1154 2489 1288 2561 Cicero·

265 2610 367 2679 niani.
390 2609 436 2678 lta
453 2610 541 2680 enim
555 2608 673 2699 jubent
691 2622 724 2681 et
740 2621 925 2703 temporum
940 2611 1142 2697 necessitas,
1163 2621 1196 2682 et
1211 2629 1295 2682 sana

265 2753 379 2816 mens,
404 2743 437 2803 et
454 2733 652 2824 eloquentiae
674 2734 794 2820 deeus,
823 2743 856 2804 et
880 2735 1063 2827 praesertim
1087 2754 1176 2805 verae
1196 2733 1291 2818 lidei,

265 2874 341 2944 quae
352 2854 536 2924 labefactari
549 2855 663 2945 ooepit,
678 2854 812 2924 utilitas.
828 2853 945 2924 Utrum
956 2854 1089 2948 quidem
1098 2827 1294 2924 Christianae
1320 2941 1323 2950 ,

263 2975 417 3064 religioni
435 2996 569 3067 semper
586 2977 671 3045 bene
685 2976 891 3046 consuluerit
909 2976 1086 3065 Erasmus,
1101 2957 1201 3047 vcerte
1219 2997 1292 3046 am·

263 3098 332 3188 higi
352 3105 474 3188 polest.
499 3096 680 3166 Fatendum
700 3106 751 3166 est
774 3106 884 3167 tamen
907 3099 939 3168 in
959 3098 1022 3169 hae
1039 3101 1169 3191 agenda
1190 3120 1293 3171 eausa

264 3219 374 3289 omnia
391 3218 583 3301 tentavisse,
600 3226 637 3286 ut
653 3217 742 3286 illam
758 3216 984 3291 exundantem
999 3220 1139 3291 eruditae
1157 3220 1291 3313 pagani-

262 3339 337 3409 tatis
350 3339 510 3426 illuviem,
526 3358 602 3428 quae
614 3348 682 3409 tum
696 3336 917 3409 Christianam
933 3341 1155 3432 eloquentiam
1167 3342 1289 3431 obruit,

262 3471 442 3534 coerceret.
465 3462 534 3532 lloc
548 3461 662 3531 saltem
675 3460 762 3531 illius
776 3461 913 3532 laudiae
928 3465 1098 3534 memoriae
1112 3465 1286 3536 tribuatur.

310 3582 396 3652 Xlll.
420 3585 510 3654 -lu
530 3585 625 3654 tertia
642 3584 761 3676 dialogi
776 3593 884 3676 parte,
908 3594 945 3654 ul
965 3587 1097 3656 tandem
1115 3586 1167 3656 his
1182 3609 1288 3677 argu-

262 3706 382 3776 mentis
398 3707 503 3797 ipsius
518 3709 738 3798 experimenti
757 3707 855 3777 addat
869 3709 1111 3792 auctoritatem,
1130 3709 1288 3798 quantula

261 3827 463 3898 eruditorum
481 3829 601 3918 portio,
618 3831 669 3899 vel
693 3831 779 3921 apud
804 3830 957 3920 antiquos
985 3830 1036 3898 vel
1063 3828 1151 3920 apud
1171 3851 1288 3900 recen-

259 3949 359 4019 tiores
388 3949 602 4020 Ciceroniana
631 3950 693 4020 dioi
722 3951 845 4041 possit,
873 3971 1050 4020 recensere
1077 3952 1283 4044 aggreditur.

260 4073 369 4143 l’rimo
392 4075 554 4164 igiturne
580 4073 765 4144 Ciceronem
793 4073 943 4163 quidem,
961 4075 989 4143 si
1018 4075 1080 4146 hoo
1109 4075 1205 4148 modo
1228 4097 1286 4146 no·
