2950 4820
608 275 787 342 ..qr-

184 415 348 512 Bnnorum
366 415 554 500 lnlantium,
579 415 735 488 Plessiaoi
761 435 802 486 ac
816 412 912 484 Divae
929 409 1083 483 Barbarae
1106 411 1211 483 colle·

183 540 314 632 giorum
327 536 492 611 studiosos
511 539 655 631 juvenes
676 535 857 609 incendere
876 530 932 631 (l)
950 532 1133 605 laborabat.
1154 533 1213 606 llis

184 663 274 734 enim
291 662 429 755 singulis
442 670 476 733 et
491 662 646 733 omuibus
667 661 847 731 acerrimas
868 659 909 729 ad
931 676 1081 751 pugnam
1096 655 1214 736 borta-

183 785 290 856 tiones
311 785 473 872 iterabat,
500 783 621 878 quibus
651 783 784 854 assidue
809 789 1011 853 memoraret
1033 779 1212 849 Erasmom

185 907 312 980 Gallico
321 908 445 979 nomini
466 906 634 978 infensum
649 927 723 1009 esse
736 902 813 1002 (2);
829 927 866 976 se
881 914 993 976 eontra
1009 902 1051 975 ob
1067 901 1216 974 incana-

186 1028 272 1101 dulis
289 1028 371 1102 istos
391 1029 592 1102 Parisiorum
602 1030 746 1102 illustres
758 1037 855 1123 utque
865 1023 1078 1100 admirabiles
1090 1021 1214 1098 orade-

185 1151 408 1245 mioeeemper
416 1160 592 1246 pareatum
613 1150 681 1222 loco
698 1147 865 1233 babuisse,
884 1155 919 1217 et
935 1146 1080 1217 maximo
1098 1165 1214 1216 amore

186 1293 227 1344 ac
255 1273 376 1363 pietate
401 1270 559 1343 Gallicam
577 1273 789 1364 juventutem
807 1268 975 1362 amplecti,
999 1268 1082 1339 adeo
1103 1275 1140 1337 ut
1165 1267 1216 1336 sui

186 1393 293 1484 ipsius
304 1393 443 1465 nominis
458 1395 640 1485 perieulum
659 1415 865 1467 cumeorum
882 1391 1081 1485 eloquentiae
1098 1389 1215 1464 discri-
1241 1421 1247 1435 ·

187 1512 277 1584 mine
303 1535 478 1587 commune
505 1517 645 1604 babere,
671 1525 706 1588 et
729 1517 790 1588 bos
816 1515 950 1587 tandem
976 1515 1134 1588 bonarum
1159 1517 1211 1585 arss

187 1635 269 1706 tium
295 1636 441 1709 lautores
458 1640 521 1710 sibi
536 1639 667 1732 judices
688 1639 891 1710 constituere
906 1638 1044 1709 minime
1061 1637 1217 1709 dubitas-

186 1764 249 1827 set.
265 1755 349 1830 Cum
364 1770 488 1847 autem,
504 1760 557 1830 bis
570 1758 736 1830 blanditiis
751 1768 784 1830 et
798 1759 1081 1831 adhortationibus
1096 1758 1219 1828 frustra

187 1882 409 1972 consumptis,
424 1883 520 1974 hujus
533 1883 783 1954 studiosissimae
792 1881 978 1975 juventutis
990 1891 1057 1953 tam
1073 1879 1216 1951 laudatae

187 2021 228 2071 ac
241 2001 418 2074 celebratae
433 2005 678 2077 resides-animi
691 2005 900 2098 langnerent,
917 2026 981 2076 nee
993 2003 1126 2096 plurimi
1140 2003 1218 2074 tiro·

186 2142 248 2193 nes
270 2124 586 2242 conscriberentur3
605 2136 675 2198 tum
699 2147 820 2218 magno
847 2126 958 2198 dolore
976 2125 1124 2218 percitus
1142 2122 1218 2206 ille,

188 2243 256 2315 dux
271 2245 343 2316 sine
360 2245 476 2333 milite,
491 2269 554 2319 nec
572 2247 696 2320 fractus
711 2261 836 2337 tamen,
857 2249 953 2342 quasi
969 2270 1068 2334 unus,
1093 2245 1221 2318 caeteris

188 2368 377 2456 silentibus,
396 2370 598 2442 labefactatae
613 2373 814 2464 eloquentiae
829 2373 962 2444 laudern
988 2371 1130 2456 fulciret,
1151 2390 1222 2440 om·

188 2490 286 2562 nibus
301 2493 451 2584 collegiis
467 2495 707 2566 amarulentam
728 2498 816 2568 misit
837 2496 1014 2588 epistolem
1031 2492 1102 2591 (5).
1129 2493 1220 2577 Qua-

191 2727 265 2796 mus)
279 2725 411 2783 adversus
425 2724 600 2791 ciceronem,
620 2731 755 2798 quantam
768 2725 921 2798 impietatis
935 2725 1024 2783 aciem
1044 2728 1142 2782 contra
1166 2723 1223 2781 no·

191 2807 301 2864 minum
316 2809 462 2882 Deumque
471 2814 599 2866 nostrum
611 2808 821 2866 distrinxerat.»
835 2810 927 2880 (ibid.)

227 2891 264 2962 (l)
276 2913 291 2944 u
300 2891 379 2950 Certe
392 2908 516 2950 amorem
530 2909 625 2950 meum
640 2910 671 2949 ac
684 2893 778 2966 potins
792 2893 936 2951 caritatem
945 2911 1012 2965 erga
1024 2909 1073 2949 ros
1085 2893 1164 2949 nulla
1173 2907 1224 2948 un-

190 2997 275 3054 quam
284 2981 529 3040 delebitoblirio.a
539 2982 625 3054 (Soal.
633 2982 723 3057 Epist.
736 2981 840 3040 illustri
849 2983 968 3058 collegio
979 2983 1122 3040 Bonorum
1133 2981 1224 3038 Iolau-

190 3063 274 3120 rium.
289 3065 383 3137 (roro.)

227 3146 265 3218 (2)
285 3168 301 3199 a
314 3148 377 3205 Non
390 3149 466 3206 enim
476 3149 527 3208 nni
536 3148 664 3207 Ciceroni
678 3149 820 3208 maledicit
829 3151 974 3218 Erasmus,
984 3151 1031 3207 sed
1045 3165 1093 3205 ros
1102 3161 1224 3221 qnoque,

190 3231 372 3302 qnosscimus
381 3233 509 3290 omnium
519 3234 657 3290 bonarum
666 3233 768 3290 artium
781 3235 913 3302 lautores,
927 3235 1091 3298 insectatur,
1106 3235 1224 3300 intensus

192 3317 242 3368 totr'
252 3318 354 3369 nomini
366 3315 477 3382 Gallico,
493 3316 551 3373 sire
562 3317 637 3391 quod
652 3317 681 3373 id
693 3317 842 3375 Germanis
850 3317 990 3392 peculiare
1003 3317 1067 3382 tuit,
1082 3314 1141 3371 sire
1150 3313 1226 3386 qnod

191 3413 253 3454 earn
268 3397 386 3471 gloriam
400 3406 565 3473 praereptam
582 3402 634 3458 sibi
647 3418 720 3472 aegre
730 3403 806 3468 tulit,
821 3401 878 3458 sire
892 3402 967 3476 quod
979 3400 1144 3473 religionem
1158 3412 1225 3454 nos·

192 3485 264 3538 tram
287 3482 435 3539 lacerando
459 3482 575 3540 meritus
598 3489 654 3552 est,
681 3500 766 3556 quem
790 3485 977 3542 moderatores
1004 3482 1089 3540 vestri
1111 3481 1226 3557 publiea

192 3563 388 3621 damnarent.»
399 3563 487 3635 (Idem
495 3565 627 3624 studiosis
635 3566 858 3625 adolescentibus
865 3566 978 3640 collegii
988 3566 1065 3624 Dira
1076 3566 1227 3634 Barbarae.)

228 3647 266 3719 (3)
280 3646 378 3704 «Cum
392 3646 479 3715 enim,
493 3647 602 3722 aliquot
618 3649 722 3707 abhinc
742 3649 897 3716 mensibus,
912 3649 1045 3708 omnibns
1056 3650 1135 3707 robis
1148 3664 1230 3705 eom·-

192 3745 307 3788 munem
330 3730 468 3788 misissem
487 3731 658 3799 orationem,
678 3748 734 3806 qna
750 3732 915 3789 Erasmiana
934 3733 1075 3792 calumnia
1094 3731 1193 3806 procul
1211 3745 1228 3786 a

192 3812 325 3871 Cicerone
340 3814 530 3888 propulsatur,
548 3814 736 3889 privatimque
750 3816 786 3873 ad
799 3813 972 3874 Navarrense
984 3816 1136 3888 collegium
1149 3814 1224 3871 litte·

193 3912 238 3952 ras
250 3902 333 3970 atque
343 3899 505 3972 exemplum
518 3899 667 3967 dedissem,
679 3916 830 3973 rursusque
845 3900 976 3958 nuntium
991 3917 1096 3966 meum,
1110 3913 1229 3971 respon·

193 3995 224 4037 sa
233 3987 266 4036 nt
278 3981 424 4056 acciperet,
436 3982 505 4041 illue
519 3983 712 4052 destinassem,
729 4001 820 4058 neque
833 3985 984 4042 concilium
999 3983 1138 4041 indictum
1153 3997 1229 4038 eom·

194 4063 277 4134 perit,
300 4065 387 4138 quod,
399 4083 464 4125 eum
479 4065 557 4142 prius
570 4069 725 4136 recederet,
739 4068 856 4142 polliciti
874 4069 996 4137 inerant,
1016 4081 1106 4142 nequa
1122 4063 1171 4140 qui
1184 4080 1230 4122 re·
