<?xml version="1.0" encoding="UTF-8"?>
<!DOCTYPE html PUBLIC "-//W3C//DTD XHTML 1.0 Transitional//EN"
    "http://www.w3.org/TR/xhtml1/DTD/xhtml1-transitional.dtd">
<html xmlns="http://www.w3.org/1999/xhtml" xml:lang="en" lang="en">
 <head>
  <title>
</title>
<meta http-equiv="Content-Type" content="text/html;charset=utf-8" />
  <meta name='ocr-system' content='tesseract 3.04.00' />
  <meta name='ocr-capabilities' content='ocr_page ocr_carea ocr_par ocr_line ocrx_word'/>
</head>
<body>
  <div class='ocr_page' id='page_1' title='image "./deciceronianobe00lenigoog_0045.png"; bbox 0 0 2950 4820; ppageno 0'>
   <div class='ocr_carea' id='block_1_1' title="bbox 265 309 1299 1633">
    <p class='ocr_par' dir='ltr' id='par_1_1' title="bbox 265 309 1299 1633">
     <span class='ocr_line' id='line_1_1' title="bbox 691 309 869 374; baseline -0.011 -18"><span class='ocrx_word' id='word_1_1' title='bbox 691 345 735 356; x_wconf 90' lang='lat'><strong>..</strong></span> <span class='ocrx_word' id='word_1_2' title='bbox 758 309 801 374; x_wconf 79' lang='lat'><strong>30</strong></span> <span class='ocrx_word' id='word_1_3' title='bbox 824 343 869 354; x_wconf 91' lang='lat'><strong>...</strong></span> 
     </span>
     <span class='ocr_line' id='line_1_2' title="bbox 265 444 1297 542; baseline -0.011 -17"><span class='ocrx_word' id='word_1_4' title='bbox 265 451 457 542; x_wconf 76' lang='lat' dir='ltr'><strong>theologicis</strong></span> <span class='ocrx_word' id='word_1_5' title='bbox 475 449 610 541; x_wconf 89' lang='lat' dir='ltr'><strong>quidem</strong></span> <span class='ocrx_word' id='word_1_6' title='bbox 631 449 767 518; x_wconf 87' lang='lat' dir='ltr'><strong>vocibus</strong></span> <span class='ocrx_word' id='word_1_7' title='bbox 787 449 965 528; x_wconf 89' lang='lat' dir='ltr'><strong>abstinere,</strong></span> <span class='ocrx_word' id='word_1_8' title='bbox 984 444 1124 536; x_wconf 89' lang='lat' dir='ltr'><strong>ideoque</strong></span> <span class='ocrx_word' id='word_1_9' title='bbox 1144 465 1210 516; x_wconf 91' lang='lat' dir='ltr'><strong>non</strong></span> <span class='ocrx_word' id='word_1_10' title='bbox 1226 465 1297 516; x_wconf 92' lang='lat' dir='ltr'><strong>om-</strong></span> 
     </span>
     <span class='ocr_line' id='line_1_3' title="bbox 265 567 1296 658; baseline -0.009 -15"><span class='ocrx_word' id='word_1_11' title='bbox 265 576 342 644; x_wconf 90' lang='lat' dir='ltr'><strong>niuo</strong></span> <span class='ocrx_word' id='word_1_12' title='bbox 361 571 610 642; x_wconf 86' lang='lat' dir='ltr'><strong>Ciceronianum</strong></span> <span class='ocrx_word' id='word_1_13' title='bbox 634 568 749 637; x_wconf 88' lang='lat' dir='ltr'><strong>baberi</strong></span> <span class='ocrx_word' id='word_1_14' title='bbox 767 587 877 658; x_wconf 88' lang='lat' dir='ltr'><strong>posse.</strong></span> <span class='ocrx_word' id='word_1_15' title='bbox 897 567 1042 657; x_wconf 90' lang='lat' dir='ltr'><strong>Denique</strong></span> <span class='ocrx_word' id='word_1_16' title='bbox 1057 567 1091 634; x_wconf 90' lang='lat' dir='ltr'><strong>in</strong></span> <span class='ocrx_word' id='word_1_17' title='bbox 1115 567 1296 636; x_wconf 86' lang='lat' dir='ltr'><strong>novissime</strong></span> 
     </span>
     <span class='ocr_line' id='line_1_4' title="bbox 266 689 1294 782; baseline -0.006 -17"><span class='ocrx_word' id='word_1_18' title='bbox 266 696 351 765; x_wconf 89' lang='lat' dir='ltr'><strong>serie</strong></span> <span class='ocrx_word' id='word_1_19' title='bbox 374 693 556 762; x_wconf 87' lang='lat' dir='ltr'><strong>Pontanum</strong></span> <span class='ocrx_word' id='word_1_20' title='bbox 583 700 616 759; x_wconf 92' lang='lat' dir='ltr'><strong>et</strong></span> <span class='ocrx_word' id='word_1_21' title='bbox 642 691 774 759; x_wconf 83' lang='lat' dir='ltr'><strong>Actium</strong></span> <span class='ocrx_word' id='word_1_22' title='bbox 794 690 977 782; x_wconf 88' lang='lat' dir='ltr'><strong>Syncerum</strong></span> <span class='ocrx_word' id='word_1_23' title='bbox 1005 689 1090 758; x_wconf 86' lang='lat' dir='ltr'><strong>inter</strong></span> <span class='ocrx_word' id='word_1_24' title='bbox 1107 689 1294 759; x_wconf 86' lang='lat' dir='ltr'><strong>Ciceronia-</strong></span> 
     </span>
     <span class='ocr_line' id='line_1_5' title="bbox 265 811 1295 906; baseline -0.003 -23"><span class='ocrx_word' id='word_1_25' title='bbox 265 836 326 883; x_wconf 93' lang='lat' dir='ltr'><strong>nos</strong></span> <span class='ocrx_word' id='word_1_26' title='bbox 354 822 468 906; x_wconf 88' lang='lat' dir='ltr'><strong>poetas</strong></span> <span class='ocrx_word' id='word_1_27' title='bbox 489 813 539 882; x_wconf 91' lang='lat' dir='ltr'><strong>bis</strong></span> <span class='ocrx_word' id='word_1_28' title='bbox 561 812 764 901; x_wconf 87' lang='lat' dir='ltr'><strong>temporibus</strong></span> <span class='ocrx_word' id='word_1_29' title='bbox 792 812 936 881; x_wconf 86' lang='lat' dir='ltr'><strong>maximo</strong></span> <span class='ocrx_word' id='word_1_30' title='bbox 963 811 995 879; x_wconf 92' lang='lat' dir='ltr'><strong>in</strong></span> <span class='ocrx_word' id='word_1_31' title='bbox 1018 811 1140 881; x_wconf 88' lang='lat' dir='ltr'><strong>bonore</strong></span> <span class='ocrx_word' id='word_1_32' title='bbox 1163 812 1295 882; x_wconf 86' lang='lat' dir='ltr'><strong>habitos</strong></span> 
     </span>
     <span class='ocr_line' id='line_1_6' title="bbox 266 933 1299 1018; baseline -0.005 -11"><span class='ocrx_word' id='word_1_33' title='bbox 266 944 429 1007; x_wconf 85' lang='lat' dir='ltr'><strong>recenset.</strong></span> <span class='ocrx_word' id='word_1_34' title='bbox 448 934 593 1018; x_wconf 84' lang='lat' dir='ltr'><strong>Quorum</strong></span> <span class='ocrx_word' id='word_1_35' title='bbox 617 933 733 1004; x_wconf 86' lang='lat' dir='ltr'><strong>libellis</strong></span> <span class='ocrx_word' id='word_1_36' title='bbox 757 943 789 1004; x_wconf 91' lang='lat' dir='ltr'><strong>et</strong></span> <span class='ocrx_word' id='word_1_37' title='bbox 810 936 996 1004; x_wconf 78' lang='lat' dir='ltr'><strong>numerosis</strong></span> <span class='ocrx_word' id='word_1_38' title='bbox 1010 934 1224 1004; x_wconf 76' lang='lat' dir='ltr'><strong>concentibus</strong></span> <span class='ocrx_word' id='word_1_39' title='bbox 1245 934 1299 1002; x_wconf 92' lang='lat' dir='ltr'><strong>vel</strong></span> 
     </span>
     <span class='ocr_line' id='line_1_7' title="bbox 267 1051 1298 1154; baseline -0.003 -27"><span class='ocrx_word' id='word_1_40' title='bbox 267 1078 366 1128; x_wconf 89' lang='lat' dir='ltr'><strong>unam</strong></span> <span class='ocrx_word' id='word_1_41' title='bbox 391 1057 560 1126; x_wconf 88' lang='lat' dir='ltr'><strong>Prudentii</strong></span> <span class='ocrx_word' id='word_1_42' title='bbox 582 1056 702 1139; x_wconf 87' lang='lat' dir='ltr'><strong>odam,</strong></span> <span class='ocrx_word' id='word_1_43' title='bbox 728 1058 841 1127; x_wconf 78' lang='lat' dir='ltr'><strong>lasum</strong></span> <span class='ocrx_word' id='word_1_44' title='bbox 858 1051 1073 1138; x_wconf 83' lang='lat' dir='ltr'><strong>modulantis,</strong></span> <span class='ocrx_word' id='word_1_45' title='bbox 1100 1055 1219 1154; x_wconf 84' lang='lat' dir='ltr'><strong>latetur</strong></span> <span class='ocrx_word' id='word_1_46' title='bbox 1236 1055 1298 1125; x_wconf 90' lang='lat' dir='ltr'><strong>sibi</strong></span> 
     </span>
     <span class='ocr_line' id='line_1_8' title="bbox 266 1176 1299 1275; baseline -0.004 -25"><span class='ocrx_word' id='word_1_47' title='bbox 266 1181 363 1270; x_wconf 86' lang='lat' dir='ltr'><strong>longe</strong></span> <span class='ocrx_word' id='word_1_48' title='bbox 382 1179 543 1271; x_wconf 88' lang='lat' dir='ltr'><strong>potiorem</strong></span> <span class='ocrx_word' id='word_1_49' title='bbox 559 1181 663 1248; x_wconf 87' lang='lat' dir='ltr'><strong>videri</strong></span> <span class='ocrx_word' id='word_1_50' title='bbox 682 1176 758 1275; x_wconf 81' lang='lat' dir='ltr'><strong>(l),</strong></span> <span class='ocrx_word' id='word_1_51' title='bbox 779 1199 856 1247; x_wconf 93' lang='lat' dir='ltr'><strong>cum</strong></span> <span class='ocrx_word' id='word_1_52' title='bbox 876 1178 941 1246; x_wconf 92' lang='lat' dir='ltr'><strong>illis</strong></span> <span class='ocrx_word' id='word_1_53' title='bbox 960 1177 1099 1248; x_wconf 86' lang='lat' dir='ltr'><strong>deluerit</strong></span> <span class='ocrx_word' id='word_1_54' title='bbox 1117 1199 1192 1270; x_wconf 86' lang='lat' dir='ltr'><strong>quae</strong></span> <span class='ocrx_word' id='word_1_55' title='bbox 1207 1199 1299 1268; x_wconf 87' lang='lat' dir='ltr'><strong>prae-</strong></span> 
     </span>
     <span class='ocr_line' id='line_1_9' title="bbox 267 1296 1298 1394; baseline -0.005 -21"><span class='ocrx_word' id='word_1_56' title='bbox 267 1302 363 1394; x_wconf 88' lang='lat' dir='ltr'><strong>cipua</strong></span> <span class='ocrx_word' id='word_1_57' title='bbox 384 1321 460 1392; x_wconf 89' lang='lat' dir='ltr'><strong>pars</strong></span> <span class='ocrx_word' id='word_1_58' title='bbox 476 1311 528 1370; x_wconf 92' lang='lat' dir='ltr'><strong>est</strong></span> <span class='ocrx_word' id='word_1_59' title='bbox 543 1301 758 1389; x_wconf 76' lang='lat' dir='ltr'><strong>eloquentiae,</strong></span> <span class='ocrx_word' id='word_1_60' title='bbox 779 1298 923 1394; x_wconf 81' lang='lat' dir='ltr'><strong>opposite</strong></span> <span class='ocrx_word' id='word_1_61' title='bbox 943 1296 1070 1386; x_wconf 81' lang='lat' dir='ltr'><strong>dicare,</strong></span> <span class='ocrx_word' id='word_1_62' title='bbox 1089 1310 1121 1371; x_wconf 92' lang='lat' dir='ltr'><strong>ct</strong></span> <span class='ocrx_word' id='word_1_63' title='bbox 1138 1311 1298 1393; x_wconf 88' lang='lat' dir='ltr'><strong>perpetuo</strong></span> 
     </span>
     <span class='ocr_line' id='line_1_10' title="bbox 266 1418 1297 1512; baseline 0 -23"><span class='ocrx_word' id='word_1_64' title='bbox 266 1422 299 1489; x_wconf 93' lang='lat' dir='ltr'><strong>in</strong></span> <span class='ocrx_word' id='word_1_65' title='bbox 322 1421 427 1490; x_wconf 86' lang='lat' dir='ltr'><strong>sacris</strong></span> <span class='ocrx_word' id='word_1_66' title='bbox 448 1420 583 1510; x_wconf 90' lang='lat' dir='ltr'><strong>hymnis</strong></span> <span class='ocrx_word' id='word_1_67' title='bbox 605 1418 756 1510; x_wconf 85' lang='lat' dir='ltr'><strong>profanas</strong></span> <span class='ocrx_word' id='word_1_68' title='bbox 770 1419 914 1509; x_wconf 83' lang='lat' dir='ltr'><strong>fabulas,</strong></span> <span class='ocrx_word' id='word_1_69' title='bbox 942 1423 1144 1512; x_wconf 84' lang='lat' dir='ltr'><strong>Apollinem,</strong></span> <span class='ocrx_word' id='word_1_70' title='bbox 1163 1420 1297 1507; x_wconf 76' lang='lat' dir='ltr'><strong>Musam,</strong></span> 
     </span>
     <span class='ocr_line' id='line_1_11' title="bbox 268 1540 990 1633; baseline -0.003 -21"><span class='ocrx_word' id='word_1_71' title='bbox 268 1550 476 1633; x_wconf 88' lang='lat' dir='ltr'><strong>eaeterosque</strong></span> <span class='ocrx_word' id='word_1_72' title='bbox 496 1541 580 1611; x_wconf 89' lang='lat' dir='ltr'><strong>Deos</strong></span> <span class='ocrx_word' id='word_1_73' title='bbox 593 1562 633 1610; x_wconf 89' lang='lat' dir='ltr'><strong>ae</strong></span> <span class='ocrx_word' id='word_1_74' title='bbox 648 1540 732 1612; x_wconf 89' lang='lat' dir='ltr'><strong>Deas</strong></span> <span class='ocrx_word' id='word_1_75' title='bbox 750 1543 990 1613; x_wconf 82' lang='lat' dir='ltr'><strong>concelebrent.</strong></span> 
     </span>
    </p>
   </div>
   <div class='ocr_carea' id='block_1_2' title="bbox 317 1663 1463 1757">
    <p class='ocr_par' dir='ltr' id='par_1_2' title="bbox 317 1663 1463 1757">
     <span class='ocr_line' id='line_1_12' title="bbox 317 1663 1463 1757; baseline 0.002 -25"><span class='ocrx_word' id='word_1_76' title='bbox 317 1664 387 1734; x_wconf 91' lang='lat' dir='ltr'><strong>Hoc</strong></span> <span class='ocrx_word' id='word_1_77' title='bbox 403 1665 502 1754; x_wconf 83' lang='lat' dir='ltr'><strong>igitur</strong></span> <span class='ocrx_word' id='word_1_78' title='bbox 515 1663 647 1734; x_wconf 85' lang='lat' dir='ltr'><strong>iunctos</strong></span> <span class='ocrx_word' id='word_1_79' title='bbox 664 1685 813 1734; x_wconf 87' lang='lat' dir='ltr'><strong>censurae</strong></span> <span class='ocrx_word' id='word_1_80' title='bbox 826 1667 1020 1754; x_wconf 85' lang='lat' dir='ltr'><strong>ministerio,</strong></span> <span class='ocrx_word' id='word_1_81' title='bbox 1040 1665 1211 1748; x_wconf 86' lang='lat' dir='ltr'><strong>Erasmus,</strong></span> <span class='ocrx_word' id='word_1_82' title='bbox 1226 1687 1301 1757; x_wconf 76' lang='lat' dir='ltr'><strong>quae</strong></span> <span class='ocrx_word' id='word_1_83' title='bbox 1384 1707 1388 1712; x_wconf 92' lang='lat'><em>-</em></span> <span class='ocrx_word' id='word_1_84' title='bbox 1462 1733 1463 1746; x_wconf 63' lang='grc'>,</span> 
     </span>
    </p>
   </div>
   <div class='ocr_carea' id='block_1_3' title="bbox 172 1787 1348 3830">
    <p class='ocr_par' dir='ltr' id='par_1_3' title="bbox 182 1787 1302 2465">
     <span class='ocr_line' id='line_1_13' title="bbox 268 1787 1301 1876; baseline 0.001 -21"><span class='ocrx_word' id='word_1_85' title='bbox 268 1795 365 1856; x_wconf 85' lang='lat' dir='ltr'><strong>anteo</strong></span> <span class='ocrx_word' id='word_1_86' title='bbox 390 1788 431 1856; x_wconf 88' lang='lat' dir='ltr'><strong>de</strong></span> <span class='ocrx_word' id='word_1_87' title='bbox 463 1788 648 1858; x_wconf 83' lang='lat' dir='ltr'><strong>imitatione</strong></span> <span class='ocrx_word' id='word_1_88' title='bbox 674 1795 709 1855; x_wconf 91' lang='lat' dir='ltr'><strong>et</strong></span> <span class='ocrx_word' id='word_1_89' title='bbox 736 1787 924 1876; x_wconf 86' lang='lat' dir='ltr'><strong>eloquentia</strong></span> <span class='ocrx_word' id='word_1_90' title='bbox 952 1787 1059 1875; x_wconf 81' lang='lat' dir='ltr'><strong>dixit,</strong></span> <span class='ocrx_word' id='word_1_91' title='bbox 1081 1809 1119 1857; x_wconf 88' lang='lat' dir='ltr'><strong>ea</strong></span> <span class='ocrx_word' id='word_1_92' title='bbox 1141 1789 1176 1857; x_wconf 89' lang='lat' dir='ltr'><strong>in</strong></span> <span class='ocrx_word' id='word_1_93' title='bbox 1200 1808 1301 1856; x_wconf 92' lang='lat' dir='ltr'><strong>unum</strong></span> 
     </span>
     <span class='ocr_line' id='line_1_14' title="bbox 269 1907 1301 2000; baseline -0.004 -22"><span class='ocrx_word' id='word_1_94' title='bbox 269 1911 385 1999; x_wconf 85' lang='lat' dir='ltr'><strong>paucis</strong></span> <span class='ocrx_word' id='word_1_95' title='bbox 402 1909 512 1978; x_wconf 91' lang='lat' dir='ltr'><strong>verbis</strong></span> <span class='ocrx_word' id='word_1_96' title='bbox 529 1908 653 1999; x_wconf 83' lang='lat' dir='ltr'><strong>colligit</strong></span> <span class='ocrx_word' id='word_1_97' title='bbox 670 1930 710 1977; x_wconf 83' lang='lat' dir='ltr'><strong>ao</strong></span> <span class='ocrx_word' id='word_1_98' title='bbox 727 1917 903 1989; x_wconf 85' lang='lat' dir='ltr'><strong>retractat;</strong></span> <span class='ocrx_word' id='word_1_99' title='bbox 923 1908 1110 2000; x_wconf 92' lang='lat' dir='ltr'><strong>iterumque</strong></span> <span class='ocrx_word' id='word_1_100' title='bbox 1131 1909 1163 1976; x_wconf 91' lang='lat' dir='ltr'><strong>in</strong></span> <span class='ocrx_word' id='word_1_101' title='bbox 1180 1907 1301 1997; x_wconf 83' lang='lat' dir='ltr'><strong>dialogi</strong></span> 
     </span>
     <span class='ocr_line' id='line_1_15' title="bbox 269 2028 1300 2119; baseline -0.001 -21"><span class='ocrx_word' id='word_1_102' title='bbox 269 2029 335 2098; x_wconf 89' lang='lat' dir='ltr'><strong>fine</strong></span> <span class='ocrx_word' id='word_1_103' title='bbox 354 2028 535 2097; x_wconf 89' lang='lat' dir='ltr'><strong>obtestatur</strong></span> <span class='ocrx_word' id='word_1_104' title='bbox 550 2029 610 2097; x_wconf 88' lang='lat' dir='ltr'><strong>sibi</strong></span> <span class='ocrx_word' id='word_1_105' title='bbox 626 2049 691 2098; x_wconf 90' lang='lat' dir='ltr'><strong>non</strong></span> <span class='ocrx_word' id='word_1_106' title='bbox 709 2030 772 2098; x_wconf 92' lang='lat' dir='ltr'><strong>boo</strong></span> <span class='ocrx_word' id='word_1_107' title='bbox 789 2028 891 2098; x_wconf 86' lang='lat' dir='ltr'><strong>luisse</strong></span> <span class='ocrx_word' id='word_1_108' title='bbox 914 2031 1120 2119; x_wconf 91' lang='lat' dir='ltr'><strong>propositum</strong></span> <span class='ocrx_word' id='word_1_109' title='bbox 1148 2036 1184 2097; x_wconf 93' lang='lat' dir='ltr'><strong>ut</strong></span> <span class='ocrx_word' id='word_1_110' title='bbox 1206 2028 1300 2098; x_wconf 89' lang='lat' dir='ltr'><strong>Cice-</strong></span> 
     </span>
     <span class='ocr_line' id='line_1_16' title="bbox 271 2150 1302 2234; baseline 0.001 -15"><span class='ocrx_word' id='word_1_111' title='bbox 271 2153 361 2220; x_wconf 91' lang='lat' dir='ltr'><strong>ronis</strong></span> <span class='ocrx_word' id='word_1_112' title='bbox 387 2150 478 2220; x_wconf 86' lang='lat' dir='ltr'><strong>laudi</strong></span> <span class='ocrx_word' id='word_1_113' title='bbox 505 2160 539 2220; x_wconf 94' lang='lat' dir='ltr'><strong>et</strong></span> <span class='ocrx_word' id='word_1_114' title='bbox 560 2153 745 2221; x_wconf 85' lang='lat' dir='ltr'><strong>auctoritati</strong></span> <span class='ocrx_word' id='word_1_115' title='bbox 778 2151 1014 2220; x_wconf 89' lang='lat' dir='ltr'><strong>detrimentum</strong></span> <span class='ocrx_word' id='word_1_116' title='bbox 1040 2152 1194 2234; x_wconf 80' lang='lat' dir='ltr'><strong>afferret,</strong></span> <span class='ocrx_word' id='word_1_117' title='bbox 1224 2173 1302 2220; x_wconf 91' lang='lat' dir='ltr'><strong>cum</strong></span> 
     </span>
     <span class='ocr_line' id='line_1_17' title="bbox 182 2273 1302 2365; baseline 0.004 -24"><span class='ocrx_word' id='word_1_118' title='bbox 182 2276 184 2283; x_wconf 81' lang='grc'>’</span> <span class='ocrx_word' id='word_1_119' title='bbox 271 2275 342 2365; x_wconf 92' lang='lat' dir='ltr'><strong>ipse</strong></span> <span class='ocrx_word' id='word_1_120' title='bbox 375 2296 452 2344; x_wconf 89' lang='lat' dir='ltr'><strong>eum</strong></span> <span class='ocrx_word' id='word_1_121' title='bbox 478 2273 695 2343; x_wconf 88' lang='lat' dir='ltr'><strong>admiratione</strong></span> <span class='ocrx_word' id='word_1_122' title='bbox 722 2283 755 2342; x_wconf 89' lang='lat' dir='ltr'><strong>et</strong></span> <span class='ocrx_word' id='word_1_123' title='bbox 774 2274 882 2342; x_wconf 90' lang='lat' dir='ltr'><strong>studio</strong></span> <span class='ocrx_word' id='word_1_124' title='bbox 903 2293 1037 2364; x_wconf 89' lang='lat' dir='ltr'><strong>semper</strong></span> <span class='ocrx_word' id='word_1_125' title='bbox 1062 2273 1161 2344; x_wconf 84' lang='lat' dir='ltr'><strong>luerit</strong></span> <span class='ocrx_word' id='word_1_126' title='bbox 1183 2295 1302 2364; x_wconf 93' lang='lat' dir='ltr'><strong>prose-</strong></span> 
     </span>
     <span class='ocr_line' id='line_1_18' title="bbox 270 2404 380 2465; baseline -0.009 0"><span class='ocrx_word' id='word_1_127' title='bbox 270 2404 380 2465; x_wconf 83' lang='lat' dir='ltr'><strong>cutus.</strong></span> 
     </span>
    </p>

    <p class='ocr_par' dir='ltr' id='par_1_4' title="bbox 172 2515 1348 3830">
     <span class='ocr_line' id='line_1_19' title="bbox 319 2515 1302 2611; baseline 0.003 -25"><span class='ocrx_word' id='word_1_128' title='bbox 319 2515 631 2588; x_wconf 86' lang='lat' dir='ltr'><strong>XIV.-Omnibus</strong></span> <span class='ocrx_word' id='word_1_129' title='bbox 648 2520 692 2588; x_wconf 88' lang='lat' dir='ltr'><strong>ita</strong></span> <span class='ocrx_word' id='word_1_130' title='bbox 713 2521 905 2609; x_wconf 85' lang='lat' dir='ltr'><strong>temperatis</strong></span> <span class='ocrx_word' id='word_1_131' title='bbox 923 2529 956 2591; x_wconf 91' lang='lat' dir='ltr'><strong>et</strong></span> <span class='ocrx_word' id='word_1_132' title='bbox 972 2530 1148 2611; x_wconf 80' lang='lat' dir='ltr'><strong>segregata</strong></span> <span class='ocrx_word' id='word_1_133' title='bbox 1168 2520 1302 2590; x_wconf 85' lang='lat' dir='ltr'><strong>Cicero·</strong></span> 
     </span>
     <span class='ocr_line' id='line_1_20' title="bbox 172 2635 1303 2734; baseline 0 -27"><span class='ocrx_word' id='word_1_134' title='bbox 172 2727 175 2734; x_wconf 21' lang='grc' dir='ltr'>ι</span> <span class='ocrx_word' id='word_1_135' title='bbox 271 2638 370 2708; x_wconf 86' lang='lat' dir='ltr'><strong>niana</strong></span> <span class='ocrx_word' id='word_1_136' title='bbox 388 2635 548 2724; x_wconf 83' lang='lat' dir='ltr'><strong>factione,</strong></span> <span class='ocrx_word' id='word_1_137' title='bbox 568 2639 621 2708; x_wconf 91' lang='lat' dir='ltr'><strong>ille</strong></span> <span class='ocrx_word' id='word_1_138' title='bbox 644 2641 776 2732; x_wconf 90' lang='lat' dir='ltr'><strong>quidem</strong></span> <span class='ocrx_word' id='word_1_139' title='bbox 796 2651 988 2731; x_wconf 85' lang='lat' dir='ltr'><strong>speraverat</strong></span> <span class='ocrx_word' id='word_1_140' title='bbox 1002 2651 1116 2711; x_wconf 89' lang='lat' dir='ltr'><strong>contra</strong></span> <span class='ocrx_word' id='word_1_141' title='bbox 1131 2641 1226 2710; x_wconf 87' lang='lat' dir='ltr'><strong>istam</strong></span> <span class='ocrx_word' id='word_1_142' title='bbox 1243 2639 1303 2708; x_wconf 89' lang='lat' dir='ltr'><strong>mi-</strong></span> 
     </span>
     <span class='ocr_line' id='line_1_21' title="bbox 177 2753 1303 2857; baseline 0.003 -29"><span class='ocrx_word' id='word_1_143' title='bbox 177 2753 182 2764; x_wconf 57' lang='lat'>‘</span> <span class='ocrx_word' id='word_1_144' title='bbox 271 2760 478 2830; x_wconf 90' lang='lat' dir='ltr'><strong>nutissirnam</strong></span> <span class='ocrx_word' id='word_1_145' title='bbox 498 2762 814 2832; x_wconf 87' lang='lat' dir='ltr'><strong>Italorummanum</strong></span> <span class='ocrx_word' id='word_1_146' title='bbox 832 2765 1020 2834; x_wconf 84' lang='lat' dir='ltr'><strong>universam</strong></span> <span class='ocrx_word' id='word_1_147' title='bbox 1043 2773 1101 2832; x_wconf 88' lang='lat' dir='ltr'><strong>aut</strong></span> <span class='ocrx_word' id='word_1_148' title='bbox 1121 2766 1303 2857; x_wconf 80' lang='lat' dir='ltr'><strong>maximam</strong></span> 
     </span>
     <span class='ocr_line' id='line_1_22' title="bbox 271 2882 1303 2977; baseline 0.004 -26"><span class='ocrx_word' id='word_1_149' title='bbox 271 2882 475 2952; x_wconf 88' lang='lat' dir='ltr'><strong>eruditorum</strong></span> <span class='ocrx_word' id='word_1_150' title='bbox 489 2883 675 2972; x_wconf 89' lang='lat' dir='ltr'><strong>Gallorum,</strong></span> <span class='ocrx_word' id='word_1_151' title='bbox 690 2885 930 2955; x_wconf 87' lang='lat' dir='ltr'><strong>Germanorum</strong></span> <span class='ocrx_word' id='word_1_152' title='bbox 945 2939 953 2974; x_wconf 88' lang='lat'><strong>,</strong></span> <span class='ocrx_word' id='word_1_153' title='bbox 972 2888 1154 2977; x_wconf 73' lang='lat' dir='ltr'><strong>nnglorum</strong></span> <span class='ocrx_word' id='word_1_154' title='bbox 1166 2940 1174 2972; x_wconf 89' lang='lat'><strong>,</strong></span> <span class='ocrx_word' id='word_1_155' title='bbox 1187 2887 1303 2976; x_wconf 88' lang='lat' dir='ltr'><strong>Hispa-</strong></span> 
     </span>
     <span class='ocr_line' id='line_1_23' title="bbox 271 2995 1301 3098; baseline 0.004 -26"><span class='ocrx_word' id='word_1_156' title='bbox 271 3023 480 3093; x_wconf 85' lang='lat' dir='ltr'><strong>norumque,</strong></span> <span class='ocrx_word' id='word_1_157' title='bbox 510 3006 659 3073; x_wconf 91' lang='lat' dir='ltr'><strong>omnium</strong></span> <span class='ocrx_word' id='word_1_158' title='bbox 691 3006 843 3095; x_wconf 89' lang='lat' dir='ltr'><strong>denique</strong></span> <span class='ocrx_word' id='word_1_159' title='bbox 860 3007 1170 3098; x_wconf 83' lang='lat' dir='ltr'><strong>&#39;lransalpinorum,</strong></span> <span class='ocrx_word' id='word_1_160' title='bbox 1196 2995 1301 3077; x_wconf 83' lang='lat' dir='ltr'><strong>eciem</strong></span> 
     </span>
     <span class='ocr_line' id='line_1_24' title="bbox 271 3124 1303 3220; baseline 0.007 -26"><span class='ocrx_word' id='word_1_161' title='bbox 271 3124 333 3194; x_wconf 92' lang='lat' dir='ltr'><strong>sub</strong></span> <span class='ocrx_word' id='word_1_162' title='bbox 360 3124 477 3194; x_wconf 90' lang='lat' dir='ltr'><strong>iisdem</strong></span> <span class='ocrx_word' id='word_1_163' title='bbox 504 3127 609 3216; x_wconf 85' lang='lat' dir='ltr'><strong>signis</strong></span> <span class='ocrx_word' id='word_1_164' title='bbox 633 3127 729 3196; x_wconf 87' lang='lat' dir='ltr'><strong>educi</strong></span> <span class='ocrx_word' id='word_1_165' title='bbox 749 3149 857 3219; x_wconf 90' lang='lat' dir='ltr'><strong>posse.</strong></span> <span class='ocrx_word' id='word_1_166' title='bbox 881 3129 946 3198; x_wconf 85' lang='lat' dir='ltr'><strong>Res</strong></span> <span class='ocrx_word' id='word_1_167' title='bbox 964 3140 1078 3200; x_wconf 89' lang='lat' dir='ltr'><strong>autem</strong></span> <span class='ocrx_word' id='word_1_168' title='bbox 1100 3132 1171 3220; x_wconf 87' lang='lat' dir='ltr'><strong>ipsa</strong></span> <span class='ocrx_word' id='word_1_169' title='bbox 1193 3130 1303 3201; x_wconf 83' lang='lat' dir='ltr'><strong>fefellit</strong></span> 
     </span>
     <span class='ocr_line' id='line_1_25' title="bbox 271 3250 1299 3344; baseline 0.005 -27"><span class='ocrx_word' id='word_1_170' title='bbox 271 3250 556 3340; x_wconf 82' lang='lat' dir='ltr'><strong>exspectationem</strong></span> <span class='ocrx_word' id='word_1_171' title='bbox 574 3275 581 3316; x_wconf 94' lang='lat'>:</span> <span class='ocrx_word' id='word_1_172' title='bbox 601 3251 722 3340; x_wconf 88' lang='lat' dir='ltr'><strong>quippe</strong></span> <span class='ocrx_word' id='word_1_173' title='bbox 736 3251 892 3322; x_wconf 88' lang='lat' dir='ltr'><strong>obstitere</strong></span> <span class='ocrx_word' id='word_1_174' title='bbox 910 3253 1081 3322; x_wconf 88' lang='lat' dir='ltr'><strong>doctorum</strong></span> <span class='ocrx_word' id='word_1_175' title='bbox 1095 3254 1299 3344; x_wconf 86' lang='lat' dir='ltr'><strong>superstitio,</strong></span> 
     </span>
     <span class='ocr_line' id='line_1_26' title="bbox 272 3373 1302 3467; baseline 0.005 -28"><span class='ocrx_word' id='word_1_176' title='bbox 272 3379 318 3458; x_wconf 85' lang='lat' dir='ltr'><strong>et,</strong></span> <span class='ocrx_word' id='word_1_177' title='bbox 330 3392 407 3462; x_wconf 91' lang='lat' dir='ltr'><strong>quae</strong></span> <span class='ocrx_word' id='word_1_178' title='bbox 421 3373 601 3442; x_wconf 90' lang='lat' dir='ltr'><strong>novissima</strong></span> <span class='ocrx_word' id='word_1_179' title='bbox 617 3374 752 3443; x_wconf 82' lang='lat' dir='ltr'><strong>cruitur</strong></span> <span class='ocrx_word' id='word_1_180' title='bbox 764 3375 910 3444; x_wconf 82' lang='lat' dir='ltr'><strong>ambitio.</strong></span> <span class='ocrx_word' id='word_1_181' title='bbox 930 3374 1152 3467; x_wconf 83' lang='lat' dir='ltr'><strong>Quosquidem</strong></span> <span class='ocrx_word' id='word_1_182' title='bbox 1170 3377 1302 3444; x_wconf 88' lang='lat' dir='ltr'><strong>laeserat</strong></span> 
     </span>
     <span class='ocr_line' id='line_1_27' title="bbox 271 3489 1348 3587; baseline 0.006 -29"><span class='ocrx_word' id='word_1_183' title='bbox 271 3489 350 3559; x_wconf 89' lang='lat' dir='ltr'><strong>illud</strong></span> <span class='ocrx_word' id='word_1_184' title='bbox 366 3496 880 3587; x_wconf 88' lang='lat' dir='ltr'><strong>summnmcensuraeimperium</strong></span> <span class='ocrx_word' id='word_1_185' title='bbox 891 3497 932 3567; x_wconf 85' lang='lat' dir='ltr'><strong>ab</strong></span> <span class='ocrx_word' id='word_1_186' title='bbox 946 3499 1086 3567; x_wconf 88' lang='lat' dir='ltr'><strong>Erasmo</strong></span> <span class='ocrx_word' id='word_1_187' title='bbox 1097 3498 1297 3582; x_wconf 83' lang='lat' dir='ltr'><strong>affectatum,</strong></span> <span class='ocrx_word' id='word_1_188' title='bbox 1342 3561 1348 3574; x_wconf 83' lang='grc'><strong>,</strong></span> 
     </span>
     <span class='ocr_line' id='line_1_28' title="bbox 272 3613 1301 3710; baseline 0.005 -28"><span class='ocrx_word' id='word_1_189' title='bbox 272 3613 333 3684; x_wconf 85' lang='lat' dir='ltr'><strong>etsi</strong></span> <span class='ocrx_word' id='word_1_190' title='bbox 351 3617 501 3685; x_wconf 83' lang='lat' dir='ltr'><strong>marimo</strong></span> <span class='ocrx_word' id='word_1_191' title='bbox 516 3618 709 3688; x_wconf 87' lang='lat' dir='ltr'><strong>urbanitatis</strong></span> <span class='ocrx_word' id='word_1_192' title='bbox 725 3628 757 3688; x_wconf 90' lang='lat' dir='ltr'><strong>et</strong></span> <span class='ocrx_word' id='word_1_193' title='bbox 772 3619 1014 3688; x_wconf 89' lang='lat' dir='ltr'><strong>humanissimo</strong></span> <span class='ocrx_word' id='word_1_194' title='bbox 1028 3620 1163 3688; x_wconf 78' lang='lat' dir='ltr'><strong>lancium</strong></span> <span class='ocrx_word' id='word_1_195' title='bbox 1176 3629 1301 3710; x_wconf 88' lang='lat' dir='ltr'><strong>tempe-</strong></span> 
     </span>
     <span class='ocr_line' id='line_1_29' title="bbox 272 3737 1303 3830; baseline 0.007 -28"><span class='ocrx_word' id='word_1_196' title='bbox 272 3745 423 3806; x_wconf 89' lang='lat' dir='ltr'><strong>ramento</strong></span> <span class='ocrx_word' id='word_1_197' title='bbox 437 3737 636 3828; x_wconf 83' lang='lat' dir='ltr'><strong>mitigatum.</strong></span> <span class='ocrx_word' id='word_1_198' title='bbox 653 3739 806 3809; x_wconf 89' lang='lat' dir='ltr'><strong>Nondum</strong></span> <span class='ocrx_word' id='word_1_199' title='bbox 824 3742 911 3810; x_wconf 92' lang='lat' dir='ltr'><strong>euim</strong></span> <span class='ocrx_word' id='word_1_200' title='bbox 924 3741 1020 3830; x_wconf 83' lang='lat' dir='ltr'><strong>bujus</strong></span> <span class='ocrx_word' id='word_1_201' title='bbox 1033 3740 1157 3823; x_wconf 86' lang='lat' dir='ltr'><strong>aetatis,</strong></span> <span class='ocrx_word' id='word_1_202' title='bbox 1175 3751 1212 3810; x_wconf 94' lang='lat' dir='ltr'><strong>ut</strong></span> <span class='ocrx_word' id='word_1_203' title='bbox 1226 3761 1303 3811; x_wconf 93' lang='lat' dir='ltr'><strong>nos·</strong></span> 
     </span>
    </p>
   </div>
   <div class='ocr_carea' id='block_1_4' title="bbox 271 4006 1300 4165">
    <p class='ocr_par' dir='ltr' id='par_1_5' title="bbox 271 4006 1300 4165">
     <span class='ocr_line' id='line_1_30' title="bbox 306 4006 1300 4080; baseline 0.005 -17"><span class='ocrx_word' id='word_1_204' title='bbox 306 4006 343 4078; x_wconf 77' lang='lat' dir='ltr'><strong>tl)</strong></span> <span class='ocrx_word' id='word_1_205' title='bbox 359 4009 422 4063; x_wconf 78' lang='lat' dir='ltr'><strong>«At</strong></span> <span class='ocrx_word' id='word_1_206' title='bbox 440 4023 493 4080; x_wconf 77' lang='lat' dir='ltr'><strong>ego</strong></span> <span class='ocrx_word' id='word_1_207' title='bbox 513 4009 611 4065; x_wconf 90' lang='lat' dir='ltr'><strong>malim</strong></span> <span class='ocrx_word' id='word_1_208' title='bbox 632 4025 718 4065; x_wconf 80' lang='lat' dir='ltr'><strong>unam</strong></span> <span class='ocrx_word' id='word_1_209' title='bbox 736 4011 818 4066; x_wconf 85' lang='lat' dir='ltr'><strong>odam</strong></span> <span class='ocrx_word' id='word_1_210' title='bbox 838 4009 984 4066; x_wconf 89' lang='lat' dir='ltr'><strong>Prudentii</strong></span> <span class='ocrx_word' id='word_1_211' title='bbox 1010 4011 1182 4069; x_wconf 91' lang='lat' dir='ltr'><strong>modulantis</strong></span> <span class='ocrx_word' id='word_1_212' title='bbox 1202 4013 1300 4070; x_wconf 77' lang='lat' dir='ltr'><strong>lesum</strong></span> 
     </span>
     <span class='ocr_line' id='line_1_31' title="bbox 271 4092 1140 4165; baseline 0.003 -16"><span class='ocrx_word' id='word_1_213' title='bbox 271 4108 357 4164; x_wconf 88' lang='lat' dir='ltr'><strong>quam</strong></span> <span class='ocrx_word' id='word_1_214' title='bbox 369 4110 469 4151; x_wconf 84' lang='lat' dir='ltr'><strong>narem</strong></span> <span class='ocrx_word' id='word_1_215' title='bbox 483 4101 613 4151; x_wconf 86' lang='lat' dir='ltr'><strong>onustam</strong></span> <span class='ocrx_word' id='word_1_216' title='bbox 628 4092 753 4151; x_wconf 84' lang='lat' dir='ltr'><strong>uersibus</strong></span> <span class='ocrx_word' id='word_1_217' title='bbox 764 4092 955 4150; x_wconf 81' lang='lat' dir='ltr'><strong>Pontanicis.»</strong></span> <span class='ocrx_word' id='word_1_218' title='bbox 972 4094 1040 4165; x_wconf 83' lang='lat' dir='ltr'><strong>(Cic.</strong></span> <span class='ocrx_word' id='word_1_219' title='bbox 1056 4095 1140 4165; x_wconf 82' lang='lat' dir='ltr'><strong>Dial.)</strong></span> 
     </span>
    </p>
   </div>
   <div class='ocr_carea' id='block_1_5' title="bbox 0 0 1491 4820">
    <p class='ocr_par' dir='ltr' id='par_1_6' title="bbox 0 0 1491 4820">
     <span class='ocr_line' id='line_1_32' title="bbox 0 0 1491 4820; baseline 0 0"><span class='ocrx_word' id='word_1_220' title='bbox 0 0 1491 4820; x_wconf 95' lang='lat' dir='ltr'><strong> </strong></span> 
     </span>
    </p>
   </div>
  </div>
 </body>
</html>
