2950 4820
635 294 814 361 ...43-

215 434 433 524 contendere,
453 441 502 517 ut,
522 430 695 506 deturbato
711 434 835 519 Tullio,
855 451 1024 506 summum
1047 434 1244 526 eloquentie

216 560 327 632 locum
341 562 533 646 usurparet;
546 556 707 642 cumdem
724 555 908 649 olimapud
931 555 1052 632 Aldum
1079 557 1246 627 semi-ho·

219 680 319 754 minis
332 679 436 750 allicio
450 678 600 750 iunctum
617 678 740 769 luisse3
759 680 913 751 eumdem
930 699 1105 771 nunquam
1121 655 1246 748 Aristo·

220 802 294 873 telis
314 821 414 894 opera
441 799 592 890 attigisse
612 795 689 895 (l);
717 802 871 872 eumdem
898 799 1067 891 sacrilegi,
1093 798 1247 884 latronis,

220 923 396 1019 parricidae
421 928 534 1013 partes
557 942 670 1010 agere.
698 921 781 1006 Quae
812 923 941 1015 singula
969 922 1130 994 Erasmus
1152 939 1251 1011 aeqno

223 1043 336 1115 animo
349 1043 492 1114 tolerare
512 1048 683 1123 statuerat,
700 1043 746 1112 ita
763 1050 812 1127 ut,
832 1064 917 1135 quos
936 1064 1000 1115 non
1019 1065 1104 1114 voce
1119 1062 1161 1113 ac
1184 1041 1252 1113 risu

222 1165 432 1249 vulnerabat,
453 1161 583 1233 silentio
602 1162 781 1236 et-lastidio
794 1166 896 1236 tutius
909 1165 1113 1239 devinceret.
1130 1164 1255 1236 «Nunc

226 1266 385 1371 narrant,
416 1284 543 1378 inquit,
568 1285 723 1378 Lugduni
743 1308 906 1360 excusum
932 1288 1052 1360 librum
1069 1287 1200 1359 aeidum
1220 1285 1255 1356 in

221 1429 282 1480 mc
310 1404 388 1504 (2),
413 1417 546 1480 auctora
563 1410 730 1502 Stephano
748 1411 883 1497 Doleto,
903 1411 996 1503 cuius
1025 1418 1157 1482 exstant
1182 1429 1257 1480 ora·

229 1531 337 1602 tiones
352 1539 385 1601 et
399 1532 563 1622 epistolae,
586 1532 765 1606 stomachis
784 1535 892 1626 magis
909 1535 1048 1606 cavendi
1063 1555 1161 1627 quam
1184 1552 1258 1602 mo-

229 1653 343 1724 vendi.
359 1652 443 1723 Eum
457 1654 606 1725 nondum
621 1655 703 1743 vidi,
724 1663 772 1742 et,
791 1655 957 1741 sivideru,
976 1665 1109 1728 nonest
1130 1652 1260 1725 animus

230 1774 446 1865 respondere.
466 1804 482 1837 s

280 1893 353 1964 Non
364 1895 428 1966 hac
440 1915 520 1965 vero
531 1897 777 1988 aequanimitate
785 1919 865 1970 usus
876 1907 927 1970 est
937 1897 1097 1989 Scaliger.
1112 1896 1264 1986 Namque

234 2013 383 2101 Camilli,
411 2024 449 2086 ut
473 2015 544 2086 ltali
571 2017 734 2110 hominis,
769 2019 1000 2091 commilitium
1029 2017 1167 2104 tulerat3
1205 2014 1265 2087 scd

235 2138 389 2211 Doletum
413 2141 546 2232 proprio
563 2142 713 2230 nomine,
734 2163 798 2214 nec
822 2152 956 2234 recepta
980 2151 1120 2231 tessera,
1143 2139 1266 2211 bollum

235 2283 406 2334 resumere
422 2264 613 2358 indignatus
638 2275 702 2355 cst,
724 2267 820 2358 quasi
844 2275 938 2358 parta
962 2266 1075 2337 laurea
1096 2265 1167 2359 ipse
1182 2265 1269 2336 irau-

156 2421 157 2426 ,
237 2383 381 2458 daretur.
400 2386 568 2458 Praeterea
581 2389 717 2460 Doletus
730 2390 764 2460 in
778 2389 929 2461 Tolosam
946 2398 980 2460 ει
991 2389 1172 2472 Vascones,
1189 2407 1271 2479 quo·

239 2527 313 2576 rum
331 2507 415 2576 civis
431 2507 581 2598 Scaliger
597 2508 704 2579 lactus
720 2520 790 2580 erat
815 2509 1033 2598 matrimonio,
1054 2511 1137 2580 duas
1151 2509 1272 2578 oratio·

241 2649 303 2700 nes
340 2629 478 2700 acerbas
520 2629 712 2720 scripserat.
758 2630 848 2722 (Vid.
873 2631 946 2702 Dol.
984 2631 1081 2723 epist.
1126 2628 1274 2700 Arnoldo

243 2747 412 2847 Ferroni.)
433 2752 549 2843 ltaque
573 2771 639 2821 uua
662 2760 698 2822 ει
715 2751 834 2822 eadem
857 2753 983 2823 invidia
1005 2751 1200 2844 complexus
1224 2758 1277 2821 est
1333 2762 1336 2770 '

245 2880 279 2942 ει
293 2871 462 2943 Ciceronis
479 2871 610 2946 hostem
626 2880 660 2942 et
672 2880 911 2963 praeposterum
935 2872 1159 2957 defensorem,
1183 2892 1278 2966 qoam

246 2991 489 3088 ooopoclucrot
500 2992 673 3088 flosculis
686 2993 842 3065 orationis
855 2992 1280 3090 omninipsiusorpumsnto

246 3113 404 3210 suffurari
427 3127 458 3189 st
482 3113 693 3210 ineptissimis
716 3113 847 3188 inurere
874 3115 1076 3188 calamistris
1094 3112 1165 3210 (ὅ).
1193 3113 1279 3218 Quin

249 3236 318 3306 imo
344 3223 435 3324 eum,
458 3237 492 3308 in
516 3237 579 3308 hac
598 3237 746 3308 secunda
762 3241 925 3327 oratioue,
951 3260 1051 3331 quam
1071 3236 1199 3306 Erasmi
1225 3257 1282 3307 ca-

211 3431 213 3434 ,
252 3358 312 3449 pili
330 3358 452 3440 instare
465 3359 660 3451 jamdudum
685 3361 913 3445 minitabatur,
933 3360 1054 3430 aocrbc
1072 3357 1281 3450 perstrinxit,

254 3478 384 3550 sublato
403 3480 536 3572 quidem
551 3483 702 3566 nomine,
719 3483 778 3552 sed
791 3481 836 3552 ita
853 3482 1021 3572 depictum
1040 3489 1077 3552 ut
1103 3481 1156 3552 vel
1173 3479 1214 3552 ab
1231 3480 1285 3550 in·

255 3600 398 3673 lantibus
423 3600 592 3673 Tolosanis
617 3602 752 3694 agnosci
778 3610 904 3694 posset.
933 3603 1003 3672 lloc
1029 3623 1111 3673 vcro
1137 3603 1286 3673 maxime

261 3863 264 3868 ·
293 3831 331 3904 (1)
342 3831 477 3906 Stephani
492 3831 584 3890 Doleti
608 3831 742 3904 Dialogus
755 3833 789 3890 de
809 3832 970 3891 Imitatione
989 3834 1170 3894 Ciceroniana
1189 3833 1288 3890 adscr-

258 3932 306 3974 sus
322 3916 416 3976 Desid.
432 3917 579 3975 Erasmum
594 3935 645 3992 pro
657 3917 759 3975 Christ.
776 3919 907 3992 Lougoi,
926 3919 1028 3994 lugd„
1040 3919 1123 3978 1535.

295 4000 331 4068 12)
343 4003 452 4061 Erasm.
466 4002 554 4078 Epist.
565 4002 715 4072 Mcrbelic,
727 4003 760 4059 15
773 4010 854 4060 mart.
870 4001 950 4062 1535.

198 4144 201 4150 ,
296 4082 334 4157 (3)
347 4085 421 4144 Scal.
434 4088 525 4161 Epist.
535 4088 664 4147 Arnoldo
674 4085 800 4155 Ferroni,
813 4087 870 4146 lral.
883 4088 954 4146 lebr.
968 4086 1048 4146 1535.
