2950 4820
684 341 720 352 ..
751 307 794 372 52
816 341 861 356 ..

259 457 340 530 tam,
356 443 433 538 quae
445 441 535 515 nulla
549 451 612 534 est,
629 464 692 516 nec
707 443 794 536 apud
812 441 965 514 homines
983 441 1051 514 ulla
1068 463 1141 515 csse
1159 453 1280 536 potest,

257 567 375 640 alicubi
398 565 666 658 disquirendam.‘
682 564 765 634 Tum
788 572 900 635 autem
921 563 1087 656 praeeipue
1115 564 1233 638 lervet-
1247 576 1282 639 et

258 691 386 763 exultat
402 689 497 758 Romi
515 707 674 775 censura,
703 707 777 757 cum
801 687 897 756 istam
912 686 1046 757 densam
1067 695 1100 756 et
1116 687 1281 758 horridam

255 812 426 881 nominum
450 830 491 880 ac
514 817 755 901 praeceptorum
777 807 918 900 sylvam,
945 807 1006 878 has
1037 806 1282 880 inextricabiles

256 932 468 1025 partitionum
483 929 643 1019 ambages
656 937 691 999 et
704 929 866 1021 implexas
876 929 1013 1001 voculas
1023 929 1184 1021 increpat,
1200 952 1282 1022 qua-

254 1075 330 1125 rum
355 1052 520 1144 angustiis
537 1049 651 1123 elisam
671 1050 758 1123 dolet
775 1061 881 1123 artem
900 1051 1087 1124 oratoriam.
1108 1051 1178 1124 Hac
1194 1053 1282 1124 enim

254 1175 379 1245 virtute
397 1172 582 1265 praesertim
600 1172 739 1244 eminuit
752 1171 895 1257 Remus,
915 1174 1002 1266 quod
1020 1172 1175 1265 simplici,
1191 1184 1282 1245 recto

255 1304 289 1369 et
305 1296 413 1368 sobrio
432 1294 589 1388 praeditus
605 1293 754 1384 ingenio,
772 1314 888 1366 omnes
902 1295 1129 1389 cuiuscunque
1148 1294 1282 1387 generis

254 1417 437 1506 doctrinas,
462 1436 528 1507 quo
554 1414 682 1485 facilius
703 1415 749 1524 ³¹¹,
763 1415 885 1507 vulgus
901 1427 1122 1509 permearent,
1140 1419 1183 1489 ad
1203 1438 1283 1510 pau·

254 1542 345 1614 ciora
367 1549 401 1612 et
416 1539 568 1610 breviora
582 1548 749 1633 praecepta
766 1538 918 1630 redigere
943 1540 1106 1613 studuerit
1129 1566 1138 1609 ε
1167 1541 1202 1611 in
1218 1541 1283 1611 hoc

253 1659 387 1752 quidem
404 1657 625 1728 recentiorum
643 1665 833 1748 temporum
849 1679 927 1729 vere
951 1659 1113 1752 interpres
1130 1669 1163 1730 et
1180 1659 1283 1730 nostri

252 1780 459 1873 praenuntius
484 1777 639 1865 Cartesii,
663 1780 740 1873 qui,
770 1781 918 1852 discussa
935 1781 1067 1851 tandem
1083 1789 1194 1852 vetere
1207 1784 1282 1852 'Eo-

253 1901 333 1974 tiam
347 1911 382 1974 et
394 1898 562 1973 ldoloram
571 1901 725 2001 caligine,
743 1902 982 1994 philosophiam
997 1911 1110 1994 aperto
1121 1902 1204 1974 coelo
1218 1901 1283 1972 lrui

248 2026 358 2117 jussit.
378 2023 663 2108 Quemadmodum
688 2022 791 2114 igitur
809 2024 940 2095 abistis
958 2025 1163 2102 scholasticae
1182 2023 1282 2094 disci·

251 2147 352 2237 plinae
368 2144 484 2216 loculis
502 2153 534 2213 et
556 2144 734 2236 categoriis
750 2145 991 2237 philosophiam
1005 2146 1061 2218 ille
1079 2146 1280 2230 vindicabat,

252 2270 298 2339 ita
324 2288 367 2338 err
394 2267 446 2336 bis
473 2266 686 2336 formularum
715 2275 750 2337 et
766 2267 980 2358 partitionum
1007 2266 1198 2339 carceribus
1214 2265 1284 2337 elo-

252 2387 401 2482 quentiae
418 2388 487 2458 vim
499 2385 634 2479 jubebat
648 2386 782 2458 liberius
796 2386 939 2458 evolare.

299 2505 338 2581 ln
355 2508 506 2580 secunda
527 2529 606 2578 vcro
627 2508 723 2601 hujus
745 2509 867 2599 dialogi
881 2517 976 2602 parte
990 2509 1094 2581 multa
1112 2509 1154 2580 de
1169 2508 1284 2582 elocu-

252 2633 356 2722 tione,
376 2631 533 2704 nonnnlla
548 2631 666 2717 etiam,
688 2652 766 2725 quae
784 2630 951 2704 Ciceronis
967 2652 1089 2722 mores,
1109 2631 1282 2724 ingenium
1358 2651 1360 2656 ·

253 2765 287 2826 et
300 2755 474 2825 dictionem
491 2754 657 2847 praecipue
673 2762 840 2846 spectant,
858 2754 979 2847 objicit.
997 2754 1052 2825 Sic
1069 2753 1140 2846 ejus
1158 2755 1282 2825 cursim
1363 2803 1365 2806 -

252 2898 292 2948 ao
315 2877 462 2948 breviter
478 2886 549 2946 tum
568 2876 749 2947 Asiaticam
768 2875 1035 2961 redundantiam,
1056 2883 1127 2945 tum
1148 2875 1282 2945 nimiam

253 2999 296 3071 de
315 3020 351 3070 se
367 2997 571 3090 jactantiam,
597 3005 712 3066 vetera
730 2997 865 3088 quidem
888 2996 1040 3083 crimina,
1055 2995 1280 3088 reprehendit,

253 3121 345 3192 nulla
365 3128 474 3190 tamen
493 3115 588 3187 verbi
607 3125 664 3187 ant
684 3117 783 3187 animi
806 3117 942 3189 invidia.
962 3116 1090 3209 Quippe
1107 3117 1151 3188 ad
1167 3126 1281 3189 extre-

253 3264 367 3332 mum,
389 3242 477 3312 hunc
495 3247 661 3311 oratorum
685 3240 872 3332 principem
897 3239 1050 3312 laudibus
1074 3239 1220 3325 extollit,
1249 3247 1283 3308 et

253 3366 301 3435 ita
317 3365 388 3454 ejus
401 3362 481 3434 vitia
497 3360 552 3432 vel
566 3379 694 3431 errores
712 3369 853 3432 excusat
869 3374 929 3433 aut
948 3370 1111 3448 attenuat,
1134 3369 1170 3433 ut
1191 3359 1282 3454 quid·

255 3485 334 3577 qnid
351 3484 533 3574 imperlecti
550 3482 815 3576 subobscuriqne
833 3493 867 3555 et
883 3485 981 3556 nimis
998 3484 1149 3576 impliciti
1170 3482 1204 3552 in
1224 3479 1280 3551 illo

254 3607 309 3691 sit,
328 3605 398 3676 aliis
413 3607 607 3701 plerumque
627 3607 803 3677 tribuatur.
824 3605 955 3679 Fatetur
977 3606 1067 3679 enim
1085 3605 1280 3676 Ciceronem

253 3730 362 3819 ipsum
376 3727 586 3799 Aristotcliea
607 3728 785 3821 tyrannide
808 3749 1021 3822 oppressum,
1040 3729 1084 3799 illi
1110 3727 1209 3798 nimis
1227 3725 1282 3794 in·

256 3849 412 3922 serviisse
432 3868 440 3938 3
462 3846 677 3921 Aristotelem
691 3871 773 3922 vero
797 3871 903 3923 unum
917 3850 1132 3943 peccavisse;
1152 3848 1282 3919 Aristo·

254 3972 312 4044 teli
329 3971 431 4064 igitur
447 3970 571 4041 bellum
588 3970 824 4054 indicendum
850 3970 1028 4044 delendum
1046 3969 1181 4042 tandem
1204 3985 1280 4041 om-

256 4097 332 4166 nino
349 4093 571 4167 Aristotelem.
