2950 4820
624 335 679 375 ..Ν
692 329 735 395 55
758 362 803 377 ..

198 453 285 561 jecto
299 465 474 551 Cicerone,
492 465 692 560 eloquenliae
704 467 854 559 regimen
873 486 912 535 ec
934 464 1149 556 principatum
1167 467 1230 538 sibi

201 590 360 676 vindicet,
380 616 395 654 u
413 596 444 660 cl
459 609 578 660 uocum
594 589 711 683 copitct
725 597 783 660 uui
796 586 920 660 scribut
929 584 1137 658 rhetoricum.
1157 617 1170 650 ι

248 707 418 781 XXVI.—-
429 709 544 802 Neque
557 709 643 779 male
656 709 934 799 auguratus'erat'
949 705 1134 778 Perionius.
1153 706 1231 778 lito·

200 831 270 903 nim
287 832 373 924 apud
397 833 539 924 Regium
560 829 741 922 Collegium
760 832 867 903 iactus
889 832 1086 924 eloquentiae
1108 830 1232 922 proles-

200 973 255 1023 sor
269 953 407 1042 Romus,
425 975 491 1044 quo
504 953 624 1023 melius
634 952 811 1042 discipulos
829 953 975 1039 doceret,
991 973 1058 1024 non
1073 952 1142 1044 jam
1154 973 1231 1024 cen·

200 1073 662 1164 suralcntum‚sedexcmplo
675 1075 723 1143 uli
735 1073 860 1158 sicinio,
881 1083 914 1144 el
924 1075 957 1144 in
967 1075 1135 1146 breviario
1149 1095 1232 1166 quo·

201 1197 278 1268 dam
300 1195 441 1267 summis
466 1195 638 1266 rhetoricae
656 1195 740 1264 ariis
762 1194 892 1284 legibus
921 1194 1081 1278 coliculis,
1115 1215 1231 1266 veram

79 1407 86 1416 Α
201 1316 340 1386 oratoris
357 1315 537 1414 imaginem
561 1315 729 1408 prolerre:
751 1313 947 1406 cuiquidem
975 1312 1108 1400 libello,
1133 1299 1232 1386 Eras-

201 1436 304 1506 miani
321 1457 403 1507 sane
422 1434 542 1528 dialogi
565 1436 746 1520 memoria,
764 1435 1021 1508 Ciceronianum
1038 1456 1159 1512 nomen
1174 1457 1231 1529 op-

201 1557 310 1648 posuit
322 1552 390 1654 (l)
407 1558 478 1632 Hoc
491 1569 600 1630 aulem
614 1559 811 1650 opusculum
828 1579 910 1642 nun,
927 1557 1121 1644 uiErasmi,
1145 1578 1233 1629 mor·

200 1677 338 1749 dacibus
360 1681 444 1772 jocis
463 1690 498 1752 et
524 1682 641 1774 lepidis
666 1681 788 1752 salibus
817 1679 1008 1770 diilluebal,
1035 1682 1095 1751 sed
1121 1682 1231 1774 magis

199 1823 303 1892 grave
320 1824 361 1873 ac
374 1823 529 1874 severum
542 1813 627 1894 erat,
646 1804 793 1876 dictione
806 1803 972 1896 placidum
984 1812 1018 1875 et
1027 1803 1228 1885 modestum,

200 1943 264 1993 nec
279 1943 346 1992 non
360 1922 536 1995 iucundum
554 1935 589 1995 et
605 1925 754 2016 elegans,
769 1925 872 1995 rebus
883 1933 996 1996 aulem
1010 1925 1092 2017 ipsis
1107 1933 1143 1995 el
1160 1943 1233 1992 sen·

200 2045 314 2116 tentiis
331 2046 526 2138 plerumque
540 2047 648 2119 audax
671 2056 704 2119 et
720 2071 858 2131 novum,
878 2049 914 2120 in
931 2069 996 2142 quo
1011 2047 1164 2118 firmioris
1183 2045 1232 2137 ju·

199 2167 276 2240 dicii
292 2168 427 2240 libertas
449 2179 483 2241 et
506 2171 689 2262 constantia
706 2173 805 2242 simul
821 2172 997 2242 eniterent.
1017 2170 1066 2240 lbi
1084 2183 1167 2240 vero*
1182 2169 1232 2240 Ci-

199 2291 327 2361 coronis
350 2291 439 2374 vita,
468 2313 598 2376 mores,
612 2292 810 2387 eloquentia,
827 2295 949 2386 scripio
979 2302 1014 2364 ct
1038 2301 1227 2384 praecepla,

199 2413 324 2482 auctori
346 2412 495 2482 materiae
513 2422 608 2484 erant
622 2423 673 2504 ul,
689 2425 821 2504 arrepta
833 2415 1020 2498 occasione,
1038 2413 1131 2486 lilem
1144 2413 1232 2484 inse·

198 2540 300 2621 renel,
317 2541 350 2602 el
365 2553 441 2624 quae
457 2535 595 2604 sentiret
610 2535 683 2624 ipse
696 2535 736 2606 de
750 2535 919 2608 rhetorica
933 2541 1018 2624 arie,
1042 2535 1085 2604 de
1102 2541 1231 2604 oratore

199 2653 385 2740 educando,
397 2655 602 2746 praeoipcrel.
616 2655 699 2744 Quae
708 2656 781 2725 libri
793 2677 955 2747 parscum
973 2654 1123 2724 Oratoria
1136 2652 1232 2735 Quin·

198 2773 301 2845 iiliani
320 2775 524 2847 institutione
539 2785 650 2868 polest
667 2777 847 2868 aliquando
865 2777 1062 2870 comparari.

248 2896 329 2981 Quis
345 2899 446 2990 igilur
464 2909 500 2971 et
521 2899 688 2992 quomodo
713 2921 794 2971 vere
812 2899 1050 2971 Ciceronianus
1069 2897 1141 2970 dici
1158 2917 1230 2967 me·

147 3008 151 3015 ’
197 3028 323 3108 rentur,
341 3021 448 3113 primo
464 3021 596 3094 disserit
606 3021 739 3092 Remus.
760 3021 834 3094 Jam
852 3021 931 3094 inde
949 3022 991 3094 ab
1003 3023 1098 3094 initio
1110 3019 1231 3112 pleris-

199 3162 265 3232 que
280 3143 410 3214 Erasini
420 3143 629 3236 opinionibus
639 3145 805 3216 renovatis
820 3167 826 3218 :
842 3145 967 3216 scilicet
979 3166 1046 3216 non
1056 3145 1232 3214 huncesse

200 3259 526 3357 Ciceronianum,qui
538 3265 873 3337 Tullianaeiacundiae
886 3273 1018 3336 lanium
1032 3266 1233 3335 lineamenta

200 3391 242 3454 et·
252 3382 419 3475 habitum,
435 3385 634 3458 lalinilalem
649 3387 795 3480 denique
814 3389 918 3458 solam
936 3386 1027 3482 (quoe
1040 3384 1234 3480 grammati-

199 3527 327 3596 corum,
341 3504 596 3597 conuictumue,
612 3508 656 3580 sil
667 3506 819 3604 propriu)
837 3509 974 3594 reserat,
989 3509 1048 3580 sed
1063 3508 1121 3602 qui
1135 3509 1234 3579 Tullii

198 3628 407 3722 prudenciam
419 3629 520 3700 simul
532 3637 568 3700 el
578 3650 733 3716 sensum,
750 3639 783 3701 el
797 3629 1021 3701 doctrinarum
1032 3631 1231 3715 ubertatem,

199 3759 233 3821 el
254 3749 475 3842 componendi
494 3751 672 3836 rationem,
693 3759 728 3822 el
749 3771 879 3823 morum
907 3751 1084 3838 virlulem,
1104 3760 1138 3822 et
1156 3753 1234 3820 vite

137 4045 138 4048 Ἴ
202 4045 498 4192 οξὲζοὲθὸῗὲὓῑᾶΰΰθ·
519 4051 566 4111 Ad
588 4053 720 4112 Carolum
742 4051 943 4128 Lolharingcm
972 4049 1154 4113 cardinalem.
1175 4048 1235 4106 lie-

218 4145 233 4188 0
285 4171 293 4189 ·
381 4174 388 4191 .
