2950 4820
659 269 838 335 ..46-

237 407 309 480 sive
326 405 427 499 quod,
442 416 490 478 tot
504 406 687 480 inimicitiis
703 411 831 499 fessus,
845 407 933 479 taedii
943 407 997 478 vol
1008 405 1126 478 fastidii
1139 427 1261 492 causa,

235 529 478 600 controversias
494 530 574 600 istas
593 529 727 600 tandem
744 552 787 602 ex
809 531 945 602 oonsilio
966 530 1169 620 negligeret;
1193 529 1263 600 sive

235 650 338 740 quod,
352 650 386 719 in
398 649 469 720 dies
481 652 590 720 senior
602 659 635 720 et
649 653 753 742 magis
765 672 867 742 aeger,
883 650 1076 723 noneodem
1088 649 1190 720 animi
1202 669 1264 719 ar-

234 769 329 859 dore,
340 792 405 862 quo
417 781 525 858 antea,
535 770 612 841 baeo
620 772 802 862 respiceret
814 770 1007 842 certamina.
1020 771 1266 862 Ergoentrema

234 891 338 962 Italici
347 891 586 962 exercitustela
599 894 631 961 iu
644 914 681 962 se
695 892 800 983 ingeri
813 899 1004 985 passusest,
1015 912 1132 982 pacem
1147 911 1263 982 agens,

235 1013 314 1084 dum
327 1012 454 1100 hostes,
471 1024 510 1084 ut
532 1013 650 1085 castris
666 1015 786 1101 exiret,
805 1013 925 1085 lrustra
941 1014 1176 1106 provocabant.
1199 1013 1267 1084 Neo

236 1135 345 1226 magis
365 1134 410 1205 illi
426 1155 515 1207 curae
532 1135 633 1206 luisse
645 1134 777 1206 videtur
790 1136 862 1206 baeo
875 1135 979 1206 altera
993 1135 1151 1226 Scaligeri
1165 1135 1268 1205 oratio

236 1255 439 1344 iracundior,
453 1255 648 1346 jamdudum
662 1264 799 1346 parata,
817 1265 871 1342 et,
885 1264 921 1326 ut
937 1254 1084 1348 gladius,
1103 1255 1137 1324 in
1151 1255 1269 1344 vagina

237 1377 427 1464 recondita,
445 1398 543 1469 quam
553 1376 634 1448 lalso
649 1379 820 1449 contendit
830 1378 994 1472 losepbus
1008 1377 1157 1468 Scaliger
1169 1377 1270 1446 Eras-

238 1519 332 1570 mum
360 1498 595 1585 exhorruisse,
617 1497 764 1590 undique
794 1498 969 1570 admonitis
995 1498 1112 1570 amicis
1136 1507 1172 1568 ut
1197 1518 1271 1568 eam

237 1621 297 1694 vix
314 1621 350 1691 in
363 1641 462 1691 auras
475 1620 596 1692 editam
611 1619 765 1692 incendio
783 1620 952 1692 abolerent
963 1617 1028 1716 (l).

289 1746 360 1830 Quo
377 1766 457 1816 vero
469 1754 617 1838 tempore
631 1745 685 1816 bio
698 1744 829 1817 libellus
843 1767 988 1818 excusus
1003 1747 1112 1836 luerit,
1129 1745 1273 1816 multum

244 1866 438 1958 ambigitur.
453 1865 520 1936 Alii
537 1867 627 1937 enim
646 1869 782 1940 vivente
804 1869 912 1941 adbuc
941 1870 1085 1940 Erasmo
1105 1889 1183 1940 eum
1203 1866 1275 1936 edi·

244 1998 315 2060 tum
333 1998 467 2082 putant,
485 1989 540 2060 alii
554 1998 671 2060 contra
684 1997 829 2075 mortuo,
849 1991 936 2082 quod
949 1990 1064 2082 Baylio
1084 1988 1192 2081 magis
1205 1988 1277 2081 pla·

242 2121 306 2183 cet.
321 2110 519 2203 Quiquidem
531 2113 684 2204 o'pinatur
697 2111 761 2182 boo
773 2112 970 2203 opusculum
981 2135 1001 2183 a
1012 2115 1111 2204 longo
1127 2120 1276 2203 tempore

244 2233 407 2303 Lutetiam
421 2233 576 2320 missum,
595 2234 795 2324 typographi
813 2235 941 2304 incuria
953 2235 1015 2305 sub
1033 2234 1133 2326 praelo
1146 2233 1202 2303 diu
1225 2253 1277 2303 re·

245 2355 427 2438 mansisse;
447 2355 492 2426 ita
515 2355 651 2447 quidem
671 2356 713 2426 ud
733 2356 910 2427 Erasmum
928 2357 1014 2427 illius
1028 2356 1128 2428 libelli
1142 2355 1276 2442 lamam,

247 2495 311 2548 neo
327 2496 405 2547 vero
424 2477 526 2548 ullum
541 2479 750 2570 exemplum,
766 2479 953 2550 dimanesse
966 2500 975 2562 ;
990 2479 1195 2570 scaligerum
1208 2498 1279 2547 au-

248 2610 329 2691 tem,
346 2601 405 2693 qni
424 2599 492 2672 vita
507 2601 650 2672 defuncti
667 2600 798 2672 Erasmi
816 2622 936 2692 magno
955 2621 1066 2672 amore
1083 2601 1281 2670 inflamma-

247 2729 381 2811 tuaest,
393 2743 462 2798 suae
475 2725 649 2813 proterviae
661 2725 816 2814 puduisse
831 2745 839 2813 ;
855 2733 889 2793 et
899 2723 984 2793 ultro
998 2722 1087 2792 banc
1097 2704 1280 2792 orationem

250 2841 411 2927 Lutetiae,
430 2843 510 2912 dum
533 2845 685 2928 abesset,
710 2845 854 2931 editam,
875 2845 1106 2936 adjuvantibus
1120 2841 1282 2914 Desiderii

252 2964 396 3048 amicis,
423 2965 564 3033 llammis
582 2965 774 3047 tradidisse,
799 2964 844 3034 ita
863 2973 899 3034 ut
920 2967 1049 3035 omnino
1075 2966 1225 3057 perierit,
1249 2971 1283 3032 et

252 3083 420 3157 nonnullis
437 3096 512 3178 post
535 3088 628 3156 annis
641 3088 805 3178 losepbus
820 3087 966 3179 Scaliger
981 3109 1055 3159 eam
1069 3081 1162 3181 apud'
1175 3106 1284 3159 omncs

251 3207 421 3303 potantes
444 3209 601 3302 conquiri
616 3210 736 3280 lrustra
755 3211 922 3281 curaverit
941 3207 1011 3307 (l).
1028 3211 1127 3282 Levis
1150 3210 1284 3303 quidem

173 3379 174 3384 ,
252 3330 369 3404 litteris
389 3343 423 3404 et
435 3331 787 3426 eloquentiaejactura,
800 3333 855 3403 cui
872 3332 1008 3404 minime
1023 3326 1280 3426 ingemendum!

302 3453 392 3524 XXI.
411 3495 459 3508 -
473 3456 546 3527 Jam
569 3455 673 3526 lerme
698 3454 813 3525 decem
834 3475 936 3525 annos
950 3455 1123 3547 Troianum
1141 3455 1283 3525 alterum

255 3573 334 3645 illud
354 3575 477 3648 bellum
495 3579 676 3670 agebatur,
692 3599 733 3649 ao
755 3577 888 3649 tandem
907 3578 1032 3650 sensim
1051 3575 1286 3648 decrescebant

293 3889 331 3960 (l)
344 3909 359 3940 u
369 3887 493 3960 Scaliger
502 3905 598 3948 rursus
610 3891 734 3949 evomuit
752 3891 846 3948 nescio
859 3889 928 3964 quid
942 3887 1031 3946 libelli
1044 3887 1074 3943 in
1093 3904 1139 3946 me
1151 3887 1290 3962 quemod-

259 3972 546 4127 fflttfntytaeg.)pwus
565 3973 687 4032 curtim.
704 3972 845 4034 Neutrum
866 3973 961 4032 ridi.»
983 3973 1111 4045 (Erasm.
1129 3971 1233 4054 Epist,
1255 3970 1289 4029 11
