2950 4820
605 323 785 390 ..15-

176 462 398 556 peregrinanti
413 463 530 555 priscae
542 462 706 547 felicitatis
716 470 931 533 monumenta
946 473 1111 554 spectare,
1124 483 1212 539 som·

174 585 237 655 tari
263 585 411 678 ingenia,
426 583 644 656 bibliothecas
665 591 849 669 excutere,·
868 595 966 679 atque
983 582 1068 656 ittet
1083 585 1210 659 demum

175 704 315 778 credite
339 728 484 778 censorie
499 703 665 802 judiciam
683 703 769 801 quod
788 703 912 800 bostro
937 704 1018 776 oliti
1040 728 1138 800 quom
1153 707 1211 779 sub

173 829 323 900 Romano
347 828 425 901 coelo
450 830 633 924 queritur,
657 829 778 899 certius
801 837 900 920 atque
922 829 1079 921 liquidius
1101 831 1212 923 adspi-

173 971 264 1022 cere.
288 979 305 1014 o
324 950 449 1034 Quibus
467 958 579 1020 autem
605 949 774 1042 prooemiis
792 958 870 1042 quoi
885 953 1060 1048 elquanlis
1076 952 1211 1042 piaculis

173 1094 257 1165 opus
288 1074 413 1158 suerit,
451 1085 631 1164 antequam
663 1083 883 1142 sacrosanctae
919 1072 1210 1144 Ciceronianorum

173 1194 301 1266 cohorti
321 1195 578 1288 adscriberclur,
596 1197 689 1286 quasi
710 1193 846 1285 antiqua
867 1193 998 1265 Cereris
1013 1204 1072 1265 aut
1088 1195 1209 1267 Bacchi

175 1318 268 1407 orgia
290 1317 414 1418 adiret,
430 1319 490 1388 vix
508 1317 645 1408 cogitari
668 1327 790 1409 potest.
810 1317 937 1408 Nempe
954 1319 1061 1407 primo
1080 1317 1210 1388 Teuto-

175 1436 259 1507 nicac
296 1439 433 1530 originis
471 1439 579 1509 labem
617 1439 754 1526 eluere,
787 1457 865 1508 mox
896 1443 996 1508 etiam
1032 1437 1209 1530 sacrilegas

173 1558 289 1656 laudes
306 1561 423 1652 quibus
440 1561 599 1640 Budaeum
617 1572 650 1632 et
666 1561 841 1632 Erasmum
859 1581 935 1631 cum
959 1560 1051 1631 italis
1073 1577 1209 1654 compa-

169 1689 258 1751 ratos
278 1683 437 1754 extollere
458 1666 561 1754 ausus
580 1693 690 1766 esset,
707 1683 863 1752 abdicare
886 1682 1012 1752 debuit.
1031 1683 1204 1775 Denique,

168 1812 244 1894 pust
261 1803 487 1893 longissimam
507 1805 727 1896 quodraginta
750 1805 880 1873 dierum
898 1807 1203 1893 exspectationem,

169 1924 206 1992 in
226 1923 446 2015 Capotilinam
475 1947 586 1996 arcem
618 1926 802 2008 admissus,
827 1925 909 1996 duas
935 1925 1099 1994 solemnes
1129 1947 1206 1995 ora-

171 2046 277 2116 tiones
292 2047 425 2132 babuit,
448 2049 568 2140 quibus
594 2048 681 2118 laesae
701 2047 880 2137 nrajcslatis
898 2047 1035 2118 crimine
1059 2067 1096 2116 se
1120 2067 1207 2138 pur-

169 2179 286 2257 garet,
304 2189 423 2260 magno
445 2171 581 2264 quidem
598 2170 776 2240 verborum
791 2179 952 2262 apparatu
967 2181 1000 2242 et
1014 2173 1091 2241 ficto
1105 2171 1205 2241 animi

169 2311 304 2381 pavore,
325 2293 421 2382 quasi
438 2292 478 2361 de
497 2295 613 2384 capitis
628 2291 776 2384 periculo
792 2293 977 2378 dimicaret,
997 2293 1061 2362 hoc
1079 2292 1205 2363 scilicet

168 2413 260 2499 gravi
277 2421 313 2482 et
327 2415 504 2504 magnifico
519 2432 600 2484 usus
614 2414 750 2483 exordio
767 2436 803 2484 :u
817 2413 910 2496 Quod
927 2435 987 2504 per
1002 2411 1104 2484 hosce
1119 2435 1203 2505 qua-

169 2527 321 2619 draginta
339 2533 410 2603 dies
428 2555 446 2602 a
465 2535 534 2604 Deo
547 2531 625 2625 Opl.
645 2533 739 2602 Mar.
763 2542 917 2622 precatus
935 2553 1032 2617 sum,
1053 2529 1089 2602 Ρ.
1115 2533 1204 2604 Con·
1261 2509 1263 2514 Ι

169 2652 301 2746 scripti,
331 2660 386 2737 ut,
408 2654 435 2722 si
456 2675 495 2722 eo
522 2655 555 2723 in
577 2663 728 2723 senatum
756 2653 984 2744 populumque
1016 2653 1203 2724 Romanum

168 2774 279 2845 animo
298 2795 428 2866 semper
443 2774 579 2846 fuissem
595 2797 661 2868 quo
680 2775 838 2846 mortales
863 2795 978 2846 omnes
1003 2795 1076 2845 esse
1101 2775 1202 2846 debe·

166 2906 260 2982 rent,
283 2897 415 2982 daretur
437 2899 517 2967 mibi
537 2899 713 2990 aliquando
725 2899 769 2999 ad
792 2907 951 2991 perpetua
978 2897 1032 2968 illa
1051 2907 1085 2968 el
1105 2897 1201 2991 piane
1294 2986 1297 2991 Ι

167 3018 273 3089 hostili
287 3028 517 3091 accusaturum
528 3041 678 3090 meorum
693 3021 909 3093 insectatione
920 3019 1105 3113 respirandi
1120 3041 1198 3112 spa·

166 3141 267 3222 lium;
287 3147 324 3210 ut
338 3142 399 3211 boo
416 3144 449 3211 in
466 3144 551 3227 loco,
572 3153 606 3213 et
626 3147 875 3214 accusationem
895 3153 965 3214 tuto
983 3142 1146 3226 refellere,
1165 3153 1200 3214 et

166 3261 364 3332 innocentiae
375 3285 459 3333 meae
474 3253 619 3334 rationes
632 3267 727 3335 vobis
741 3265 842 3336 iibere
859 3265 1028 3357 explicare
1043 3283 1195 3353 possem:

144 3366 198 3450 ‘id
227 3400 290 3470 ego
313 3382 391 3452 mibi
414 3384 511 3454 bodie
539 3385 691 3469 tandem,
713 3384 870 3476 singulari
899 3391 1011 3452 vestro
1039 3382 1195 3469 consilio,

163 3511 234 3574 tum
257 3504 357 3574 etiam
380 3502 538 3574 beneficio
555 3505 669 3574 videor
690 3517 908 3592 consecutus;
932 3505 988 3595 qui
1009 3525 1084 3588 me,
1108 3503 1196 3596 quod
1227 3551 1230 3560 .

163 3633 233 3696 erat
250 3623 384 3717 quidem
397 3625 551 3715 aequitate
570 3634 682 3694 vestre
695 3626 925 3716 dignissimum
939 3679 948 3708 ,
964 3625 1046 3713 sed,
1068 3625 1102 3696 ln
1117 3635 1197 3695 tun-

162 3737 498 3824 tisadversariorum
528 3749 676 3817 meorum
698 3747 834 3839 opibus,
863 3746 943 3816 mibi
961 3748 1024 3818 boc
1045 3757 1195 3839 tempore

164 3873 300 3944 minime
329 3873 549 3964 sperandum,
581 3880 701 3964 practer
726 3873 876 3943 omnium
909 3873 1119 3962 opinionem,
1152 3871 1193 3940 ed
1282 3879 1286 3890 '

163 4007 300 4068 eausam
323 3997 385 4066 bac
409 3996 443 4065 in
469 4017 546 4065 arce
568 3994 748 4086 Capitolina
768 3994 940 4065 dicendam
961 3993 1150 4064 admisistis.
1172 4019 1189 4055 c

162 4119 265 4213 (Orat.
286 4121 382 4212 prim.
398 4119 586 4212 Christopb.
601 4117 805 4216 tongerloa
820 4119 873 4192 illa
887 4139 964 4190 vero
977 4119 1122 4188 maxime
1136 4115 1195 4187 lu-.
