854 1329
402 160 425 163 .-
437 151 459 168 58
469 160 492 164 -

189 186 253 210 jubeat,
260 186 292 204 hac
298 186 351 209 posita
358 186 451 210 perorando
458 186 583 204 adhortatione:
594 193 602 202 α
610 185 641 208 Qui
647 191 707 204 revera

192 222 211 234 ac
218 217 288 234 veritate
296 216 415 235 Ciceronianus
419 222 456 234 esse
463 230 467 238 ‚
478 221 511 234 non
517 216 574 239 specie
580 218 645 234 tantum
652 221 672 234 ac
677 221 708 234 no-

191 247 243 268 mine,
253 247 312 265 haberi
322 247 389 270 cupiet,
403 247 466 270 optabit
477 247 504 265 ille
515 247 582 270 quidem
593 247 679 265 Ciceronis
690 248 708 264 et

190 280 267 296 naturam
277 280 294 296 et
302 278 393 295 doctrinam
400 291 405 299 ‚
415 277 443 295 vel
452 279 540 300 utramque
551 277 601 300 paulo
609 277 660 295 etiam
673 282 709 294 me-

190 308 256 329 liorem,
265 308 294 326 sed
303 308 376 326 maxime
385 308 457 326 omnium
465 307 517 331 (quod
523 313 553 330 per
559 308 621 330 seipse
629 309 709 330 prffltare

192 337 253 360 potest)
261 337 359 355 industriam
367 338 499 355 illamuniversae
508 337 546 355 vitae
554 337 616 355 sociam
625 339 643 354 et
650 337 709 355 comi-

192 370 226 385 tem
233 370 331 391 perpetuam
340 368 431 386 adhibebit.
442 375 449 384 n
457 386 459 389 y

216 398 244 415 llla
251 398 298 416 Rami
314 398 385 416 oratoria
400 398 480 416 institutio
487 411 492 420 ,
509 398 569 415 frustra
580 397 709 415 reclamantibus

193 427 311 451 Carpeutario,
323 428 397 446 Periouio
407 431 424 446 et
433 428 497 446 oeeteris
506 427 618 449 scholasticis,
629 428 652 445 ita
662 428 709 445 brevi

192 463 222 481 per
228 460 279 476 totam
294 458 378 482 Europam
388 458 483 482 percrebuit
489 472 494 480 ‚
506 461 525 476 ut
534 459 579 476 intra
587 463 649 481 paucos
656 463 709 476 annos

192 494 225 506 non
230 489 283 507 solum
287 489 363 510 Lutetiae,
369 489 398 507 sed
403 489 479 512 Friburgi
484 492 501 507 et
505 489 574 507 Basileae
580 502 585 511 ,
594 489 646 507 multa
651 494 710 506 exem-

193 519 244 542 plaria
255 520 300 538 edita
312 520 351 538 sint.
361 520 380 537 ln
390 520 480 538 Germania
491 520 582 543 praesertim
592 519 671 540 invaluit,
681 519 709 537 ubi

192 552 227 568 tres
233 550 282 568 simul
289 550 376 568 rhetoricae
381 551 463 573 magistri,
470 550 567 568 Aristoteles
571 550 642 571 scilicet,
650 549 709 567 Cioero

193 583 210 599 et
218 581 287 603 Ramns,
293 582 338 599 velut
344 587 366 599 ex
373 583 421 605 'aquo
428 581 538 600 habebantur.
549 581 567 599 In
573 581 605 599 hoc
610 583 666 598 autem
673 580 709 598 cla-

193 616 239 629 moso
247 614 264 629 et
271 612 333 635 saepius
345 612 390 629 inani
399 611 546 629 Ciceronianorum
559 611 613 633 hello,
627 611 709 629 eximium

193 641 260 659 tandem
269 647 310 665 opus
319 642 359 659 libet
365 642 449 663 invenire,
459 644 476 659 et
482 641 527 659 hune
536 641 645 659 excellentem
655 641 710 658 virum

193 672 261 693 intueri,
266 672 302 695 qui,
309 672 419 690 recentiorum
426 675 520 695 temporum
524 675 540 690 et
545 672 665 690 necessitatum
670 676 710 694 pro-

193 702 249 725 vidus,
257 703 350 721 vernaeulae
356 703 464 726 philosophiae
471 703 520 721 simul
528 705 545 720 et
551 702 649 726 eloquentiae
656 702 710 719 fontes

192 733 263 756 primum
270 739 321 751 ausus
327 736 353 751 est
358 739 439 756 reserare,
446 734 526 752 libertatis
533 732 669 757 praeeo‚seliciter
676 737 710 750 au-

193 763 234 786 dax,
240 766 258 782 et
262 769 302 782 vere
306 764 366 787 dignus
371 770 428 788 quem,
436 764 469 782 nisi
475 764 566 782 imitatione
571 762 605 787 (res
609 763 652 781 enim
656 762 709 780 ardua

193 796 211 812 et
219 794 327 818 periculosa),
334 796 388 818 gratie
397 795 455 813 saltem
464 800 484 812 ac
491 795 572 812 memoria
578 799 705 817 prosequamur.

217 825 283 843 xxvn.
289 825 363 843 -Circa
371 825 430 843 eadem
438 827 522 848 tempora,v
529 825 581 842 multa
586 824 619 842 alia
625 824 646 842 de
653 824 708 841 rheto-

193 855 227 873 rica
232 858 268 873 arte
273 858 290 873 et
297 855 381 873 Ciceronis
387 855 478 873 imitatione
484 855 501 873 in
507 855 594 873 Germania
601 855 651 872 simul
657 857 707 877 atque

193 885 210 903 in
218 886 263 904 ltalia
270 886 361 904 edebantur
369 892 373 904 ι
381 886 398 903 in
404 886 451 904 ltalia
459 886 535 907 Riccius,
546 886 563 903 in
572 885 662 903 Germania
671 884 708 902 Ca·-

193 917 281 940 merarius,
287 917 449 935 Tullianamcausam
454 917 533 940 agebant.
540 917 605 940 Quippe
609 916 671 934 bellum
678 921 708 933 un-

194 948 250 970 dique,
254 948 301 971 quasi
306 950 386 966 renovata
390 950 444 971 peste,
449 950 523 971 coeperat
528 947 589 965 iterum
595 947 697 965 crudescere
702 953 707 969 5

194 984 255 1001 neque,
262 979 305 997 inter
312 979 357 1002 ipsos
362 979 419 997 civiles
426 979 617 1002 religionumtumultus,
626 978 677 996 defuit
682 977 709 995 illa

194 1010 246 1028 altera
253 1009 320 1027 divortii
331 1010 407 1027 materia.
418 1009 453 1027 Hoc
461 1009 511 1027 etiam
519 1009 556 1032 ipso
566 1014 609 1027 anno
616 1014 649 1032 quo
655 1008 709 1026 caedes

193 1040 302 1059 abominanda
310 1039 338 1064 (1)
346 1040 429 1058 Lutetiam
439 1042 457 1058 et
463 1040 533 1058 Galliam
546 1045 614 1058 omnem
628 1042 709 1058 eruenta-

211 1101 230 1119 (ί)
236 1100 275 1116 15Ίί
