2950 4820
601 339 687 404 ..m
716 359 755 386 .-.-.

163 493 271 569 genus
294 477 495 548 annotantes.
514 475 551 560 ln
572 475 624 546 his
641 484 752 546 nutem
769 474 1003 544 controversiis
1025 483 1095 544 tum
1115 493 1190 564 prr-

164 621 257 672 mum
279 600 447 692 exagitato
470 598 531 670 luit
560 598 614 669 ille
641 597 682 670 tle
706 597 890 668 imitatione
918 597 1076 688 quaestio,
1106 597 1193 668 unde

163 732 211 794 tot
222 723 307 794 bella
319 729 434 814 postea
451 729 568 792 exorta
585 729 676 792 sunt.
693 720 763 789 lam
782 717 969 789 tumeliam
990 739 1064 788 esse
1084 739 1196 810 eoepe-

163 854 240 915 rant
255 841 478 936 ciceroniani,
494 841 562 934 qui,
579 841 673 911 duois
686 841 769 910 tanti
783 841 935 932 vestigiis
953 839 1073 911 timide
1085 861 1125 911 ao
1135 861 1197 910 su-

158 966 354 1058 perstitiose
376 964 588 1046 insistentes,
610 962 747 1052 ejusque
759 962 860 1032 verba
875 971 908 1032 et
923 962 1069 1032 habitum
1089 962 1196 1052 magis

162 1109 267 1182 quam
280 1109 400 1159 sensus
417 1096 450 1156 et
463 1086 608 1156 animum
623 1085 826 1172 referentes,
842 1105 878 1155 se
891 1083 931 1155 ad
948 1105 1113 1155 summam
1126 1084 1195 1154 elo-

167 1213 312 1306 quentiae
338 1210 470 1281 laudem
503 1218 678 1302 provectos
708 1229 782 1279 esse
812 1209 1037 1294 aestimabant,
1065 1209 1142 1278 dum
1164 1209 1200 1280 in

169 1334 318 1406 clausule
335 1333 523 1426 posuissent
544 1333 626 1402 ane
654 1323 817 1404 Videatur.
842 1330 1066 1421 Quosquidem
1085 1329 1200 1400 irridet

172 1455 409 1539 Quintilianum
428 1455 578 1546 quamvis
590 1454 661 1544 ipse
671 1474 729 1545 pro
744 1451 914 1523 Ciceronis
928 1452 1015 1538 vita,
1032 1452 1202 1522 moribus-

170 1596 236 1666 que
266 1587 299 1646 et
329 1576 463 1666 ingenio
490 1575 612 1666 saepius
648 1575 792 1658 fortiter,
825 1573 885 1644 sed
911 1593 993 1644 sano
1017 1573 1140 1666 judicio
1169 1582 1202 1643 et

168 1697 258 1767 omni
271 1707 397 1768 remota
411 1693 659 1787 superstitione,
678 1695 901 1766 eliminaverit.

158 1839 161 1844 ’
182 1797 183 1802 ¹
215 1818 272 1890 ill.
291 1861 341 1874 -
355 1821 405 1888 Ex
422 1819 476 1887 illo
495 1817 630 1887 tandem
646 1817 983 1907 diseorrllerumaestu
1006 1839 1045 1887 ee
1064 1819 1204 1890 tumultu

170 1920 306 2012 emersit
329 1942 401 2009 haee
424 1939 507 2008 tanti
532 1938 669 2008 oratoris
695 1939 780 2008 lama
800 1939 834 2008 in
856 1937 927 2008 dies
952 1938 1054 2028 major
1075 1945 1108 2009 et
1125 1940 1204 2029 ipsis

165 2060 269 2131 rebus
292 2061 448 2130 Romanis
473 2069 658 2150 superstes.
680 2060 787 2130 Etiam
803 2059 890 2150 apud
915 2059 1074 2131 Eeelesiae
1092 2067 1203 2153 patres

165 2184 202 2253 in
222 2184 348 2254 honore
361 2182 420 2252 iuit
438 2182 571 2269 habite,
593 2196 668 2253 oum
690 2183 910 2254 Tertullianus
929 2183 1028 2275 'hujus
1048 2183 1203 2276 eloquen-

167 2304 224 2374 tiae
250 2303 375 2375 doliolis
399 2304 573 2396 aliquando
604 2327 641 2378 se
669 2306 808 2376 nimium
838 2304 1015 2376 indulsisse
1045 2304 1196 2374 latentur.

169 2424 258 2508 Quas
283 2435 398 2516 postea
426 2425 595 2516 neglexit,
621 2435 656 2495 ut
681 2425 787 2516 magis
815 2427 1047 2510 christianam,
1070 2425 1104 2494 id
1130 2434 1203 2496 erat

170 2547 277 2636 magis
293 2547 493 2636 insumptam
507 2556 542 2616 et
559 2546 696 2630 rudem,
721 2549 902 2618 orationem
922 2547 1106 2616 adhiberet.
1125 2547 1201 2616 ble-

167 2661 234 2736 ¹'dire
258 2667 367 2737 eretis
390 2666 619 2756 temporibus,
637 2665 756 2735 ¹Cinero
782 2687 859 2736 eum
879 2667 1013 2744 Boetia,
1040 2667 1200 2739 Martiano

165 2785 308 2881 ‘Capella
333 2790 530 2880 eaeterisque
557 2787 729 2857 rhetorieae
754 2788 919 2878 magistris
950 2789 983 2857 in
1015 2789 1201 2880 eloquentia

168 2913 265 3002 regni
282 2887 412 3003 partem
432 2909 571 2981 obtinuit
585 2932 594 2992 ;
610 2909 670 2980 sed
692 2911 1097 2982 reeentiorurneuelorum
1117 2927 1199 2984 eon·

145 3125 147 3130 ,
171 3033 260 3124 tegio
281 3042 315 3104 et
329 3035 529 3105 scholastice
543 3034 695 3104 barbaria
709 3031 769 3104 luit
791 3045 947 3125 eorrupta
969 3035 1039 3125 ejus
1059 3054 1151 3106 mera
1167 3047 1200 3106 et

164 3155 311 3226 eandida
328 3156 483 3226 latinitas.
500 3154 671 3226 Postremo
686 3155 842 3226 Romanae
855 3155 1051 3248 eloquentiae
1068 3159 1200 3246 parenti

170 3278 284 3347 mitius
296 3277 416 3348 celum
427 3287 473 3362 et,
484 3286 523 3346 ut
539 3277 585 3347 ita
597 3277 720 3361 dicem,
733 3278 833 3348 altera
848 3279 916 3347 vita
927 3278 1048 3364 illuxit,
1060 3297 1099 3346 eo
1114 3285 1199 3346 tem-

168 3413 252 3497 pore
272 3409 339 3488 quo
361 3384 458 3468 bonae
476 3407 563 3468 artes
584 3397 617 3467 in
639 3397 771 3489 Europa
789 3400 912 3468 iterum
938 3398 1146 3470 effloresoere
1163 3411 1199 3471 et

170 3520 352 3612 antiquitas
367 3520 550 3590 etenobris
571 3540 609 3588 ao
625 3521 690 3589 situ
708 3521 810 3611 erepit
827 3521 976 3590 excitari.
996 3521 1090 3592 Tune
1104 3523 1197 3594 ‘enim

167 3643 261 3714 eiroe
279 3641 450 3713 Cieeronis
472 3642 663 3713 memoriam
685 3649 717 3711 et
735 3658 837 3732 oper-a
854 3644 1001 3714 maxima
1015 3645 1143 3731 studia,
1161 3649 1196 3717 in

169 3766 265 3836 ltalia
280 3765 401 3856 primo,
425 3779 595 3864 exarsere.
614 3761 684 3836 Jarn
698 3773 846 3857 equanto
864 3765 992 3837 decimu
1008 3769 1126 3839 saeculo
1139 3769 1198 3839 Pe-

170 3889 382 3982 trarehaejus
395 3889 550 3981 epistolas
562 3889 619 3980 pio
633 3889 743 3959 studio
756 3888 948 3981 antigena,
966 3891 1108 3983 Poggius
1118 3913 1196 3962 vero

172 4008 213 4079 ad
238 4003 327 4100 ipsos
350 4008 462 4080 Gallie
486 4012 569 4082 lines
594 4011 795 4104 properabat
818 4021 854 4084 ut
873 4012 1027 4083 nonnulla
1048 4010 1196 4103 ejusdem

172 4131 293 4225 seripta
307 4153 325 4204 e
337 4154 524 4206 museorum
535 4135 673 4228 puluere
686 4135 1193 4226 exeita,velutignotasterras,
