<?xml version="1.0" encoding="UTF-8"?>
<!DOCTYPE html PUBLIC "-//W3C//DTD XHTML 1.0 Transitional//EN"
    "http://www.w3.org/TR/xhtml1/DTD/xhtml1-transitional.dtd">
<html xmlns="http://www.w3.org/1999/xhtml" xml:lang="en" lang="en">
 <head>
  <title>
</title>
<meta http-equiv="Content-Type" content="text/html;charset=utf-8" />
  <meta name='ocr-system' content='tesseract 3.04.00' />
  <meta name='ocr-capabilities' content='ocr_page ocr_carea ocr_par ocr_line ocrx_word'/>
</head>
<body>
  <div class='ocr_page' id='page_1' title='image "./deciceronianobe00lenigoog_0054.png"; bbox 0 0 2950 4820; ppageno 0'>
   <div class='ocr_carea' id='block_1_1' title="bbox 166 285 1211 3696">
    <p class='ocr_par' dir='ltr' id='par_1_1' title="bbox 169 285 1210 2084">
     <span class='ocr_line' id='line_1_1' title="bbox 607 285 783 351; baseline 0.011 -19"><span class='ocrx_word' id='word_1_1' title='bbox 607 321 649 332; x_wconf 72' lang='grc'>-</span> <span class='ocrx_word' id='word_1_2' title='bbox 673 285 716 351; x_wconf 88' lang='lat'>39</span> <span class='ocrx_word' id='word_1_3' title='bbox 739 320 783 334; x_wconf 85' lang='lat'>..</span> 
     </span>
     <span class='ocr_line' id='line_1_2' title="bbox 178 419 1203 505; baseline 0.002 -17"><span class='ocrx_word' id='word_1_4' title='bbox 178 419 323 505; x_wconf 83' lang='lat' dir='ltr'>dedisse,</span> <span class='ocrx_word' id='word_1_5' title='bbox 351 430 384 492; x_wconf 91' lang='lat' dir='ltr'>et</span> <span class='ocrx_word' id='word_1_6' title='bbox 409 421 449 493; x_wconf 89' lang='lat' dir='ltr'>ab</span> <span class='ocrx_word' id='word_1_7' title='bbox 473 421 544 494; x_wconf 86' lang='lat' dir='ltr'>aliis</span> <span class='ocrx_word' id='word_1_8' title='bbox 568 432 744 496; x_wconf 86' lang='lat' dir='ltr'>consutum</span> <span class='ocrx_word' id='word_1_9' title='bbox 762 420 910 493; x_wconf 86' lang='lat' dir='ltr'>induisse</span> <span class='ocrx_word' id='word_1_10' title='bbox 927 420 1203 504; x_wconf 81' lang='lat' dir='ltr'>calceamentum,</span> 
     </span>
     <span class='ocr_line' id='line_1_3' title="bbox 178 544 1205 638; baseline 0 -24"><span class='ocrx_word' id='word_1_11' title='bbox 178 546 365 635; x_wconf 87' lang='lat' dir='ltr'>suspicatus</span> <span class='ocrx_word' id='word_1_12' title='bbox 379 555 442 616; x_wconf 91' lang='lat' dir='ltr'>est.</span> <span class='ocrx_word' id='word_1_13' title='bbox 457 547 585 638; x_wconf 84' lang='lat' dir='ltr'>Quippe</span> <span class='ocrx_word' id='word_1_14' title='bbox 596 549 770 618; x_wconf 84' lang='lat' dir='ltr'>nonnullas</span> <span class='ocrx_word' id='word_1_15' title='bbox 788 544 896 616; x_wconf 80' lang='lat' dir='ltr'>altini</span> <span class='ocrx_word' id='word_1_16' title='bbox 913 547 1087 615; x_wconf 79' lang='lat' dir='ltr'>convietus</span> <span class='ocrx_word' id='word_1_17' title='bbox 1103 564 1205 615; x_wconf 87' lang='lat' dir='ltr'>vaau-</span> 
     </span>
     <span class='ocr_line' id='line_1_4' title="bbox 177 665 1207 740; baseline -0.002 -3"><span class='ocrx_word' id='word_1_18' title='bbox 177 667 227 738; x_wconf 86' lang='lat' dir='ltr'>las</span> <span class='ocrx_word' id='word_1_19' title='bbox 248 676 306 738; x_wconf 87' lang='lat' dir='ltr'>aut</span> <span class='ocrx_word' id='word_1_20' title='bbox 329 669 458 739; x_wconf 86' lang='lat' dir='ltr'>dicendi</span> <span class='ocrx_word' id='word_1_21' title='bbox 480 669 634 739; x_wconf 79' lang='lat' dir='ltr'>formulas</span> <span class='ocrx_word' id='word_1_22' title='bbox 654 669 717 740; x_wconf 90' lang='lat' dir='ltr'>sibi</span> <span class='ocrx_word' id='word_1_23' title='bbox 741 668 914 740; x_wconf 89' lang='lat' dir='ltr'>videbatur</span> <span class='ocrx_word' id='word_1_24' title='bbox 933 665 1074 736; x_wconf 90' lang='lat' dir='ltr'>odorari.</span> <span class='ocrx_word' id='word_1_25' title='bbox 1105 693 1123 730; x_wconf 72' lang='grc' dir='ltr'>ιι</span> <span class='ocrx_word' id='word_1_26' title='bbox 1142 665 1207 735; x_wconf 91' lang='lat' dir='ltr'>Be·</span> 
     </span>
     <span class='ocr_line' id='line_1_5' title="bbox 179 787 1204 884; baseline -0.002 -24"><span class='ocrx_word' id='word_1_27' title='bbox 179 790 230 860; x_wconf 90' lang='lat' dir='ltr'>dae</span> <span class='ocrx_word' id='word_1_28' title='bbox 244 788 311 883; x_wconf 78' lang='lat'>(1),</span> <span class='ocrx_word' id='word_1_29' title='bbox 327 791 451 884; x_wconf 88' lang='lat' dir='ltr'>inquit,</span> <span class='ocrx_word' id='word_1_30' title='bbox 479 791 586 883; x_wconf 83' lang='lat' dir='ltr'>magis</span> <span class='ocrx_word' id='word_1_31' title='bbox 608 792 733 862; x_wconf 85' lang='lat' dir='ltr'>irascor</span> <span class='ocrx_word' id='word_1_32' title='bbox 748 813 850 882; x_wconf 90' lang='lat' dir='ltr'>quam</span> <span class='ocrx_word' id='word_1_33' title='bbox 869 791 932 876; x_wconf 87' lang='lat' dir='ltr'>iiii,</span> <span class='ocrx_word' id='word_1_34' title='bbox 955 789 1105 883; x_wconf 90' lang='lat' dir='ltr'>quisquis</span> <span class='ocrx_word' id='word_1_35' title='bbox 1126 787 1204 876; x_wconf 84' lang='lat' dir='ltr'>suit,</span> 
     </span>
     <span class='ocr_line' id='line_1_6' title="bbox 176 907 1208 996; baseline 0.001 -17"><span class='ocrx_word' id='word_1_36' title='bbox 176 911 312 982; x_wconf 79' lang='lat' dir='ltr'>furioso.</span> <span class='ocrx_word' id='word_1_37' title='bbox 334 941 351 976; x_wconf 69' lang='lat'>&gt;2</span> <span class='ocrx_word' id='word_1_38' title='bbox 379 911 451 982; x_wconf 81' lang='lat' dir='ltr'>Alio</span> <span class='ocrx_word' id='word_1_39' title='bbox 469 913 558 996; x_wconf 86' lang='lat' dir='ltr'>loco,</span> <span class='ocrx_word' id='word_1_40' title='bbox 579 920 692 981; x_wconf 88' lang='lat' dir='ltr'>cantra</span> <span class='ocrx_word' id='word_1_41' title='bbox 708 911 828 983; x_wconf 77' lang='lat' dir='ltr'>fatetur·</span> <span class='ocrx_word' id='word_1_42' title='bbox 842 910 966 982; x_wconf 90' lang='lat' dir='ltr'>Bedam</span> <span class='ocrx_word' id='word_1_43' title='bbox 985 909 1063 980; x_wconf 86' lang='lat' dir='ltr'>huie</span> <span class='ocrx_word' id='word_1_44' title='bbox 1080 907 1208 980; x_wconf 87' lang='lat' dir='ltr'>edendo</span> 
     </span>
     <span class='ocr_line' id='line_1_7' title="bbox 175 1029 1210 1114; baseline -0.002 -12"><span class='ocrx_word' id='word_1_45' title='bbox 175 1031 284 1102; x_wconf 79' lang='lat' dir='ltr'>libello</span> <span class='ocrx_word' id='word_1_46' title='bbox 303 1032 508 1104; x_wconf 87' lang='lat' dir='ltr'>eontrarium</span> <span class='ocrx_word' id='word_1_47' title='bbox 520 1031 636 1114; x_wconf 81' lang='lat' dir='ltr'>fuisse,</span> <span class='ocrx_word' id='word_1_48' title='bbox 654 1032 713 1103; x_wconf 90' lang='lat' dir='ltr'>sed</span> <span class='ocrx_word' id='word_1_49' title='bbox 726 1031 927 1102; x_wconf 79' lang='lat' dir='ltr'>Aleaudmm</span> <span class='ocrx_word' id='word_1_50' title='bbox 942 1029 1120 1100; x_wconf 82' lang='lat' dir='ltr'>insimulat.</span> <span class='ocrx_word' id='word_1_51' title='bbox 1140 1029 1210 1101; x_wconf 84' lang='lat' dir='ltr'>Neu</span> 
     </span>
     <span class='ocr_line' id='line_1_8' title="bbox 175 1138 1209 1246; baseline -0.006 -20"><span class='ocrx_word' id='word_1_52' title='bbox 175 1138 310 1246; x_wconf 84' lang='lat' dir='ltr'>postea,</span> <span class='ocrx_word' id='word_1_53' title='bbox 329 1154 499 1226; x_wconf 85' lang='lat' dir='ltr'>velatiatis</span> <span class='ocrx_word' id='word_1_54' title='bbox 516 1154 664 1226; x_wconf 85' lang='lat' dir='ltr'>maxime</span> <span class='ocrx_word' id='word_1_55' title='bbox 682 1153 783 1224; x_wconf 84' lang='lat' dir='ltr'>certis</span> <span class='ocrx_word' id='word_1_56' title='bbox 798 1153 1002 1244; x_wconf 76' lang='lat' dir='ltr'>argumentis</span> <span class='ocrx_word' id='word_1_57' title='bbox 1013 1205 1022 1235; x_wconf 95' lang='lat'>,</span> <span class='ocrx_word' id='word_1_58' title='bbox 1033 1151 1120 1222; x_wconf 82' lang='lat' dir='ltr'>hana</span> <span class='ocrx_word' id='word_1_59' title='bbox 1137 1151 1209 1244; x_wconf 90' lang='lat' dir='ltr'>opi·</span> 
     </span>
     <span class='ocr_line' id='line_1_9' title="bbox 173 1273 1209 1371; baseline -0.004 -25"><span class='ocrx_word' id='word_1_60' title='bbox 173 1277 310 1347; x_wconf 82' lang='lat' dir='ltr'>trionem</span> <span class='ocrx_word' id='word_1_61' title='bbox 330 1275 463 1347; x_wconf 86' lang='lat' dir='ltr'>omuino</span> <span class='ocrx_word' id='word_1_62' title='bbox 483 1296 606 1348; x_wconf 84' lang='lat' dir='ltr'>exuere</span> <span class='ocrx_word' id='word_1_63' title='bbox 620 1277 711 1348; x_wconf 87' lang='lat' dir='ltr'>visus</span> <span class='ocrx_word' id='word_1_64' title='bbox 729 1286 782 1348; x_wconf 87' lang='lat' dir='ltr'>est</span> <span class='ocrx_word' id='word_1_65' title='bbox 799 1273 866 1371; x_wconf 47' lang='grc' dir='ltr'>(ᾖ).</span> <span class='ocrx_word' id='word_1_66' title='bbox 892 1275 986 1359; x_wconf 86' lang='lat' dir='ltr'>Quod</span> <span class='ocrx_word' id='word_1_67' title='bbox 1010 1274 1158 1366; x_wconf 91' lang='lat' dir='ltr'>pluribus</span> <span class='ocrx_word' id='word_1_68' title='bbox 1175 1274 1209 1343; x_wconf 90' lang='lat' dir='ltr'>iu</span> 
     </span>
     <span class='ocr_line' id='line_1_10' title="bbox 175 1395 1207 1494; baseline -0.002 -27"><span class='ocrx_word' id='word_1_69' title='bbox 175 1398 327 1487; x_wconf 86' lang='lat' dir='ltr'>epistolis</span> <span class='ocrx_word' id='word_1_70' title='bbox 344 1399 414 1489; x_wconf 85' lang='lat' dir='ltr'>ejus</span> <span class='ocrx_word' id='word_1_71' title='bbox 427 1407 536 1488; x_wconf 89' lang='lat' dir='ltr'>patet,</span> <span class='ocrx_word' id='word_1_72' title='bbox 557 1409 592 1470; x_wconf 87' lang='lat' dir='ltr'>et</span> <span class='ocrx_word' id='word_1_73' title='bbox 608 1401 642 1469; x_wconf 90' lang='lat' dir='ltr'>in</span> <span class='ocrx_word' id='word_1_74' title='bbox 655 1399 716 1472; x_wconf 84' lang='lat' dir='ltr'>hae</span> <span class='ocrx_word' id='word_1_75' title='bbox 731 1400 933 1494; x_wconf 89' lang='lat' dir='ltr'>praesertim,</span> <span class='ocrx_word' id='word_1_76' title='bbox 950 1418 1049 1492; x_wconf 90' lang='lat' dir='ltr'>quam</span> <span class='ocrx_word' id='word_1_77' title='bbox 1062 1397 1100 1468; x_wconf 90' lang='lat' dir='ltr'>P.</span> <span class='ocrx_word' id='word_1_78' title='bbox 1119 1395 1207 1468; x_wconf 87' lang='lat' dir='ltr'>Mer·</span> 
     </span>
     <span class='ocr_line' id='line_1_11' title="bbox 174 1518 1208 1614; baseline -0.002 -24"><span class='ocrx_word' id='word_1_79' title='bbox 174 1520 264 1590; x_wconf 88' lang='lat' dir='ltr'>heliu</span> <span class='ocrx_word' id='word_1_80' title='bbox 280 1521 394 1591; x_wconf 88' lang='lat' dir='ltr'>Juarmi</span> <span class='ocrx_word' id='word_1_81' title='bbox 411 1531 444 1592; x_wconf 91' lang='lat' dir='ltr'>et</span> <span class='ocrx_word' id='word_1_82' title='bbox 458 1522 605 1614; x_wconf 88' lang='lat' dir='ltr'>Baptista</span> <span class='ocrx_word' id='word_1_83' title='bbox 615 1523 794 1593; x_wconf 90' lang='lat' dir='ltr'>Laurentio</span> <span class='ocrx_word' id='word_1_84' title='bbox 806 1523 950 1614; x_wconf 81' lang='lat' dir='ltr'>scripsit,</span> <span class='ocrx_word' id='word_1_85' title='bbox 973 1526 1135 1612; x_wconf 84' lang='lat' dir='ltr'>sequente</span> <span class='ocrx_word' id='word_1_86' title='bbox 1144 1518 1208 1589; x_wconf 87' lang='lat' dir='ltr'>hou</span> 
     </span>
     <span class='ocr_line' id='line_1_12' title="bbox 172 1622 1210 1737; baseline -0.001 -25"><span class='ocrx_word' id='word_1_87' title='bbox 172 1622 287 1734; x_wconf 82' lang='lat' dir='ltr'>sigilio</span> <span class='ocrx_word' id='word_1_88' title='bbox 302 1668 312 1712; x_wconf 74' lang='grc' dir='ltr'>ι</span> <span class='ocrx_word' id='word_1_89' title='bbox 327 1646 490 1716; x_wconf 81' lang='lat' dir='ltr'>Erasmus</span> <span class='ocrx_word' id='word_1_90' title='bbox 503 1667 604 1718; x_wconf 79' lang='lat' dir='ltr'>meaa</span> <span class='ocrx_word' id='word_1_91' title='bbox 618 1667 710 1734; x_wconf 83' lang='lat' dir='ltr'>mea,</span> <span class='ocrx_word' id='word_1_92' title='bbox 728 1656 760 1716; x_wconf 85' lang='lat' dir='ltr'>et</span> <span class='ocrx_word' id='word_1_93' title='bbox 776 1666 878 1737; x_wconf 90' lang='lat' dir='ltr'>super</span> <span class='ocrx_word' id='word_1_94' title='bbox 892 1644 1010 1715; x_wconf 86' lang='lat' dir='ltr'>additis</span> <span class='ocrx_word' id='word_1_95' title='bbox 1026 1642 1078 1713; x_wconf 92' lang='lat' dir='ltr'>his</span> <span class='ocrx_word' id='word_1_96' title='bbox 1092 1641 1210 1734; x_wconf 84' lang='lat' dir='ltr'>gallica</span> 
     </span>
     <span class='ocr_line' id='line_1_13' title="bbox 171 1765 1207 1863; baseline -0.01 -27"><span class='ocrx_word' id='word_1_97' title='bbox 171 1767 317 1836; x_wconf 89' lang='lat' dir='ltr'>verbis:</span> <span class='ocrx_word' id='word_1_98' title='bbox 339 1795 356 1830; x_wconf 78' lang='lat' dir='ltr'>u</span> <span class='ocrx_word' id='word_1_99' title='bbox 375 1770 410 1836; x_wconf 89' lang='lat' dir='ltr'><em>A</em></span> <span class='ocrx_word' id='word_1_100' title='bbox 439 1767 603 1858; x_wconf 76' lang='lat' dir='ltr'>monsieur</span> <span class='ocrx_word' id='word_1_101' title='bbox 626 1767 790 1863; x_wconf 78' lang='lat' dir='ltr'>Seuliper,</span> <span class='ocrx_word' id='word_1_102' title='bbox 813 1766 1005 1839; x_wconf 69' lang='lat' dir='ltr'>demeterent</span> <span class='ocrx_word' id='word_1_103' title='bbox 1028 1765 1168 1859; x_wconf 62' lang='lat' dir='ltr'>dripere.</span> <span class='ocrx_word' id='word_1_104' title='bbox 1192 1789 1207 1828; x_wconf 79' lang='lat' dir='ltr'>s</span> 
     </span>
     <span class='ocr_line' id='line_1_14' title="bbox 171 1883 1210 1979; baseline -0.003 -21"><span class='ocrx_word' id='word_1_105' title='bbox 171 1887 343 1959; x_wconf 87' lang='lat' dir='ltr'>Caeterum</span> <span class='ocrx_word' id='word_1_106' title='bbox 357 1911 393 1961; x_wconf 89' lang='lat' dir='ltr'>se</span> <span class='ocrx_word' id='word_1_107' title='bbox 407 1910 482 1961; x_wconf 87' lang='lat' dir='ltr'>eum</span> <span class='ocrx_word' id='word_1_108' title='bbox 497 1892 616 1962; x_wconf 84' lang='lat' dir='ltr'>tatibus</span> <span class='ocrx_word' id='word_1_109' title='bbox 630 1891 709 1962; x_wconf 91' lang='lat' dir='ltr'>viris</span> <span class='ocrx_word' id='word_1_110' title='bbox 723 1892 759 1961; x_wconf 93' lang='lat' dir='ltr'>iu</span> <span class='ocrx_word' id='word_1_111' title='bbox 773 1883 941 1962; x_wconf 81' lang='lat' dir='ltr'>certamen</span> <span class='ocrx_word' id='word_1_112' title='bbox 957 1907 1130 1979; x_wconf 87' lang='lat' dir='ltr'>uunquam</span> <span class='ocrx_word' id='word_1_113' title='bbox 1144 1887 1210 1956; x_wconf 91' lang='lat' dir='ltr'>itu·</span> 
     </span>
     <span class='ocr_line' id='line_1_15' title="bbox 169 2010 485 2084; baseline -0.006 0"><span class='ocrx_word' id='word_1_114' title='bbox 169 2033 253 2084; x_wconf 90' lang='lat' dir='ltr'>rum</span> <span class='ocrx_word' id='word_1_115' title='bbox 269 2010 485 2084; x_wconf 88' lang='lat' dir='ltr'>admouebat.</span> 
     </span>
    </p>

    <p class='ocr_par' dir='ltr' id='par_1_2' title="bbox 166 2131 1211 3213">
     <span class='ocr_line' id='line_1_16' title="bbox 225 2131 1211 2230; baseline -0.005 -25"><span class='ocrx_word' id='word_1_116' title='bbox 225 2133 350 2205; x_wconf 90' lang='lat' dir='ltr'>Verum</span> <span class='ocrx_word' id='word_1_117' title='bbox 366 2131 422 2230; x_wconf 74' lang='grc' dir='ltr'>(ὅ)</span> <span class='ocrx_word' id='word_1_118' title='bbox 436 2136 463 2206; x_wconf 91' lang='lat' dir='ltr'>si</span> <span class='ocrx_word' id='word_1_119' title='bbox 477 2136 619 2228; x_wconf 83' lang='lat' dir='ltr'>iosepho</span> <span class='ocrx_word' id='word_1_120' title='bbox 634 2135 823 2228; x_wconf 84' lang='lat' dir='ltr'>Scaligero,</span> <span class='ocrx_word' id='word_1_121' title='bbox 843 2136 917 2207; x_wconf 90' lang='lat' dir='ltr'>Julii</span> <span class='ocrx_word' id='word_1_122' title='bbox 933 2134 1074 2206; x_wconf 83' lang='lat' dir='ltr'>Caesaris</span> <span class='ocrx_word' id='word_1_123' title='bbox 1092 2131 1158 2203; x_wconf 84' lang='lat' dir='ltr'>ulio</span> <span class='ocrx_word' id='word_1_124' title='bbox 1176 2139 1211 2202; x_wconf 87' lang='lat' dir='ltr'>et</span> 
     </span>
     <span class='ocr_line' id='line_1_17' title="bbox 167 2256 1208 2344; baseline -0.005 -16"><span class='ocrx_word' id='word_1_125' title='bbox 167 2256 370 2328; x_wconf 76' lang='lat' dir='ltr'>malesarta</span> <span class='ocrx_word' id='word_1_126' title='bbox 387 2257 427 2327; x_wconf 90' lang='lat' dir='ltr'>de</span> <span class='ocrx_word' id='word_1_127' title='bbox 442 2259 505 2329; x_wconf 88' lang='lat' dir='ltr'>hae</span> <span class='ocrx_word' id='word_1_128' title='bbox 516 2260 904 2344; x_wconf 73' lang='lat' dir='ltr'>contrave-stammam,</span> <span class='ocrx_word' id='word_1_129' title='bbox 921 2259 1003 2330; x_wconf 86' lang='lat' dir='ltr'>[ides</span> <span class='ocrx_word' id='word_1_130' title='bbox 1016 2256 1208 2340; x_wconf 80' lang='lat' dir='ltr'>adhibetur,</span> 
     </span>
     <span class='ocr_line' id='line_1_18' title="bbox 167 2379 1209 2474; baseline -0.001 -24"><span class='ocrx_word' id='word_1_131' title='bbox 167 2379 239 2450; x_wconf 84' lang='lat' dir='ltr'>hou</span> <span class='ocrx_word' id='word_1_132' title='bbox 263 2389 353 2450; x_wconf 89' lang='lat' dir='ltr'>tauto</span> <span class='ocrx_word' id='word_1_133' title='bbox 372 2380 504 2471; x_wconf 84' lang='lat' dir='ltr'>juvenis</span> <span class='ocrx_word' id='word_1_134' title='bbox 527 2383 594 2454; x_wconf 84' lang='lat' dir='ltr'>iutu</span> <span class='ocrx_word' id='word_1_135' title='bbox 623 2393 809 2454; x_wconf 87' lang='lat' dir='ltr'>commotus</span> <span class='ocrx_word' id='word_1_136' title='bbox 830 2383 992 2454; x_wconf 86' lang='lat' dir='ltr'>Erasmus</span> <span class='ocrx_word' id='word_1_137' title='bbox 1014 2380 1083 2474; x_wconf 89' lang='lat' dir='ltr'>jam</span> <span class='ocrx_word' id='word_1_138' title='bbox 1110 2399 1209 2450; x_wconf 90' lang='lat' dir='ltr'>omne</span> 
     </span>
     <span class='ocr_line' id='line_1_19' title="bbox 167 2502 1208 2596; baseline -0.005 -22"><span class='ocrx_word' id='word_1_139' title='bbox 167 2505 225 2574; x_wconf 90' lang='lat' dir='ltr'>sui</span> <span class='ocrx_word' id='word_1_140' title='bbox 243 2502 388 2572; x_wconf 90' lang='lat' dir='ltr'>nominis</span> <span class='ocrx_word' id='word_1_141' title='bbox 402 2503 505 2574; x_wconf 87' lang='lat' dir='ltr'>decus</span> <span class='ocrx_word' id='word_1_142' title='bbox 519 2505 712 2596; x_wconf 90' lang='lat' dir='ltr'>ademptum</span> <span class='ocrx_word' id='word_1_143' title='bbox 725 2505 766 2575; x_wconf 90' lang='lat' dir='ltr'>iri</span> <span class='ocrx_word' id='word_1_144' title='bbox 779 2505 1000 2589; x_wconf 77' lang='lat' dir='ltr'>exclamavit,</span> <span class='ocrx_word' id='word_1_145' title='bbox 1022 2503 1102 2591; x_wconf 90' lang='lat' dir='ltr'>nisi,</span> <span class='ocrx_word' id='word_1_146' title='bbox 1122 2521 1208 2592; x_wconf 88' lang='lat' dir='ltr'>prae·</span> 
     </span>
     <span class='ocr_line' id='line_1_20' title="bbox 166 2621 1209 2718; baseline -0.008 -20"><span class='ocrx_word' id='word_1_147' title='bbox 166 2633 272 2718; x_wconf 88' lang='lat' dir='ltr'>repta</span> <span class='ocrx_word' id='word_1_148' title='bbox 295 2632 329 2694; x_wconf 89' lang='lat' dir='ltr'>et</span> <span class='ocrx_word' id='word_1_149' title='bbox 352 2626 523 2696; x_wconf 87' lang='lat' dir='ltr'>combusto</span> <span class='ocrx_word' id='word_1_150' title='bbox 541 2625 605 2696; x_wconf 86' lang='lat' dir='ltr'>hoc</span> <span class='ocrx_word' id='word_1_151' title='bbox 630 2626 756 2711; x_wconf 84' lang='lat' dir='ltr'>libello,</span> <span class='ocrx_word' id='word_1_152' title='bbox 777 2626 979 2697; x_wconf 76' lang='lat' dir='ltr'>labefactatae</span> <span class='ocrx_word' id='word_1_153' title='bbox 1000 2625 1095 2694; x_wconf 80' lang='lat' dir='ltr'>famae</span> <span class='ocrx_word' id='word_1_154' title='bbox 1111 2621 1209 2692; x_wconf 80' lang='lat' dir='ltr'>amici</span> 
     </span>
     <span class='ocr_line' id='line_1_21' title="bbox 167 2745 1208 2839; baseline -0.008 -19"><span class='ocrx_word' id='word_1_155' title='bbox 167 2757 204 2820; x_wconf 89' lang='lat' dir='ltr'>et</span> <span class='ocrx_word' id='word_1_156' title='bbox 223 2745 307 2817; x_wconf 86' lang='lat' dir='ltr'>socii</span> <span class='ocrx_word' id='word_1_157' title='bbox 323 2748 560 2818; x_wconf 84' lang='lat' dir='ltr'>succurrerint.</span> <span class='ocrx_word' id='word_1_158' title='bbox 580 2747 811 2839; x_wconf 86' lang='lat' dir='ltr'>Quodquidem</span> <span class='ocrx_word' id='word_1_159' title='bbox 828 2747 923 2818; x_wconf 89' lang='lat' dir='ltr'>nobis</span> <span class='ocrx_word' id='word_1_160' title='bbox 940 2745 1079 2815; x_wconf 89' lang='lat' dir='ltr'>minime</span> <span class='ocrx_word' id='word_1_161' title='bbox 1090 2763 1208 2814; x_wconf 91' lang='lat' dir='ltr'>varum</span> 
     </span>
     <span class='ocr_line' id='line_1_22' title="bbox 167 2870 1208 2963; baseline -0.009 -15"><span class='ocrx_word' id='word_1_162' title='bbox 167 2897 212 2948; x_wconf 84' lang='lat' dir='ltr'>aa</span> <span class='ocrx_word' id='word_1_163' title='bbox 228 2872 296 2942; x_wconf 88' lang='lat' dir='ltr'>fide</span> <span class='ocrx_word' id='word_1_164' title='bbox 314 2870 450 2963; x_wconf 87' lang='lat' dir='ltr'>dignum</span> <span class='ocrx_word' id='word_1_165' title='bbox 468 2873 612 2958; x_wconf 89' lang='lat' dir='ltr'>videtur,</span> <span class='ocrx_word' id='word_1_166' title='bbox 630 2894 707 2944; x_wconf 87' lang='lat' dir='ltr'>cum</span> <span class='ocrx_word' id='word_1_167' title='bbox 724 2873 883 2945; x_wconf 85' lang='lat' dir='ltr'>Erasmus</span> <span class='ocrx_word' id='word_1_168' title='bbox 901 2872 998 2942; x_wconf 89' lang='lat' dir='ltr'>toties</span> <span class='ocrx_word' id='word_1_169' title='bbox 1011 2870 1073 2942; x_wconf 91' lang='lat' dir='ltr'>has</span> <span class='ocrx_word' id='word_1_170' title='bbox 1090 2870 1208 2940; x_wconf 87' lang='lat' dir='ltr'>inanes</span> 
     </span>
     <span class='ocr_line' id='line_1_23' title="bbox 166 2993 1208 3089; baseline -0.003 -24"><span class='ocrx_word' id='word_1_171' title='bbox 166 2996 355 3068; x_wconf 89' lang='lat' dir='ltr'>verborum</span> <span class='ocrx_word' id='word_1_172' title='bbox 381 2996 557 3089; x_wconf 86' lang='lat' dir='ltr'>tragoedias</span> <span class='ocrx_word' id='word_1_173' title='bbox 585 2996 753 3078; x_wconf 89' lang='lat' dir='ltr'>derideat,</span> <span class='ocrx_word' id='word_1_174' title='bbox 779 2996 1006 3089; x_wconf 74' lang='lat' dir='ltr'>fastidiatque,</span> <span class='ocrx_word' id='word_1_175' title='bbox 1027 3007 1061 3065; x_wconf 90' lang='lat' dir='ltr'>et</span> <span class='ocrx_word' id='word_1_176' title='bbox 1084 2993 1208 3064; x_wconf 84' lang='lat' dir='ltr'>amicos</span> 
     </span>
     <span class='ocr_line' id='line_1_24' title="bbox 167 3120 1152 3213; baseline -0.003 -22"><span class='ocrx_word' id='word_1_177' title='bbox 167 3141 270 3208; x_wconf 89' lang='lat' dir='ltr'>suos,</span> <span class='ocrx_word' id='word_1_178' title='bbox 291 3139 332 3189; x_wconf 87' lang='lat' dir='ltr'>ne</span> <span class='ocrx_word' id='word_1_179' title='bbox 348 3141 426 3190; x_wconf 85' lang='lat' dir='ltr'>eum</span> <span class='ocrx_word' id='word_1_180' title='bbox 443 3120 560 3192; x_wconf 83' lang='lat' dir='ltr'>talibus</span> <span class='ocrx_word' id='word_1_181' title='bbox 578 3120 749 3193; x_wconf 85' lang='lat' dir='ltr'>decertent</span> <span class='ocrx_word' id='word_1_182' title='bbox 762 3121 924 3213; x_wconf 87' lang='lat' dir='ltr'>ingeniis,</span> <span class='ocrx_word' id='word_1_183' title='bbox 945 3121 1152 3192; x_wconf 88' lang='lat' dir='ltr'>adhortetur.</span> 
     </span>
    </p>

    <p class='ocr_par' dir='ltr' id='par_1_3' title="bbox 166 3239 1209 3696">
     <span class='ocr_line' id='line_1_25' title="bbox 221 3239 1209 3336; baseline -0.004 -24"><span class='ocrx_word' id='word_1_184' title='bbox 221 3242 323 3331; x_wconf 80' lang='lat' dir='ltr'>Apud</span> <span class='ocrx_word' id='word_1_185' title='bbox 357 3243 512 3315; x_wconf 89' lang='lat' dir='ltr'>eumdem</span> <span class='ocrx_word' id='word_1_186' title='bbox 542 3242 723 3334; x_wconf 87' lang='lat' dir='ltr'>Josephum</span> <span class='ocrx_word' id='word_1_187' title='bbox 750 3243 955 3336; x_wconf 80' lang='lat' dir='ltr'>Scaligerum</span> <span class='ocrx_word' id='word_1_188' title='bbox 985 3242 1107 3332; x_wconf 84' lang='lat' dir='ltr'>legitur</span> <span class='ocrx_word' id='word_1_189' title='bbox 1130 3239 1209 3309; x_wconf 90' lang='lat' dir='ltr'>inde</span> 
     </span>
     <span class='ocr_line' id='line_1_26' title="bbox 168 3361 1208 3458; baseline -0.006 -21"><span class='ocrx_word' id='word_1_190' title='bbox 168 3364 323 3438; x_wconf 82' lang='lat' dir='ltr'>maxime</span> <span class='ocrx_word' id='word_1_191' title='bbox 338 3372 467 3455; x_wconf 90' lang='lat' dir='ltr'>patrem</span> <span class='ocrx_word' id='word_1_192' title='bbox 485 3365 606 3436; x_wconf 93' lang='lat' dir='ltr'>iratum</span> <span class='ocrx_word' id='word_1_193' title='bbox 621 3366 735 3448; x_wconf 79' lang='lat' dir='ltr'>fuisse,</span> <span class='ocrx_word' id='word_1_194' title='bbox 755 3366 844 3458; x_wconf 91' lang='lat' dir='ltr'>quud</span> <span class='ocrx_word' id='word_1_195' title='bbox 863 3365 904 3434; x_wconf 90' lang='lat' dir='ltr'>ab</span> <span class='ocrx_word' id='word_1_196' title='bbox 921 3361 1208 3452; x_wconf 83' lang='lat' dir='ltr'>Erasmaiguomi-</span> 
     </span>
     <span class='ocr_line' id='line_1_27' title="bbox 167 3481 1208 3570; baseline -0.008 -10"><span class='ocrx_word' id='word_1_197' title='bbox 167 3489 238 3561; x_wconf 89' lang='lat' dir='ltr'>niae</span> <span class='ocrx_word' id='word_1_198' title='bbox 267 3484 506 3569; x_wconf 76' lang='lat' dir='ltr'>samareites,</span> <span class='ocrx_word' id='word_1_199' title='bbox 536 3487 568 3556; x_wconf 94' lang='lat' dir='ltr'>id</span> <span class='ocrx_word' id='word_1_200' title='bbox 596 3497 665 3558; x_wconf 90' lang='lat' dir='ltr'>erat</span> <span class='ocrx_word' id='word_1_201' title='bbox 691 3485 858 3570; x_wconf 76' lang='lat' dir='ltr'>indoctus,</span> <span class='ocrx_word' id='word_1_202' title='bbox 888 3485 997 3555; x_wconf 88' lang='lat' dir='ltr'>dietus</span> <span class='ocrx_word' id='word_1_203' title='bbox 1019 3492 1119 3556; x_wconf 88' lang='lat' dir='ltr'>esset.</span> <span class='ocrx_word' id='word_1_204' title='bbox 1141 3481 1208 3554; x_wconf 90' lang='lat' dir='ltr'>Cur</span> 
     </span>
     <span class='ocr_line' id='line_1_28' title="bbox 166 3604 1207 3696; baseline -0.006 -16"><span class='ocrx_word' id='word_1_205' title='bbox 166 3619 286 3680; x_wconf 91' lang='lat' dir='ltr'>autem</span> <span class='ocrx_word' id='word_1_206' title='bbox 305 3607 370 3678; x_wconf 88' lang='lat' dir='ltr'>hoe</span> <span class='ocrx_word' id='word_1_207' title='bbox 391 3607 526 3676; x_wconf 88' lang='lat' dir='ltr'>nomine</span> <span class='ocrx_word' id='word_1_208' title='bbox 551 3607 650 3677; x_wconf 90' lang='lat' dir='ltr'>laesus</span> <span class='ocrx_word' id='word_1_209' title='bbox 667 3607 769 3689; x_wconf 80' lang='lat' dir='ltr'>fuerit¹</span> <span class='ocrx_word' id='word_1_210' title='bbox 786 3606 856 3690; x_wconf 88' lang='lat' dir='ltr'>ille,</span> <span class='ocrx_word' id='word_1_211' title='bbox 874 3626 940 3676; x_wconf 90' lang='lat' dir='ltr'>nau</span> <span class='ocrx_word' id='word_1_212' title='bbox 963 3604 1057 3676; x_wconf 86' lang='lat' dir='ltr'>iaeile</span> <span class='ocrx_word' id='word_1_213' title='bbox 1075 3604 1207 3696; x_wconf 83' lang='lat' dir='ltr'>coneipi</span> 
     </span>
    </p>
   </div>
   <div class='ocr_carea' id='block_1_2' title="bbox 175 3821 1209 4152">
    <p class='ocr_par' dir='ltr' id='par_1_4' title="bbox 211 3821 744 3897">
     <span class='ocr_line' id='line_1_29' title="bbox 211 3821 744 3897; baseline -0.006 -18"><span class='ocrx_word' id='word_1_214' title='bbox 211 3823 251 3893; x_wconf 83' lang='lat'>(1)</span> <span class='ocrx_word' id='word_1_215' title='bbox 261 3824 373 3880; x_wconf 87' lang='lat' dir='ltr'>Erasm.</span> <span class='ocrx_word' id='word_1_216' title='bbox 387 3823 489 3897; x_wconf 82' lang='lat' dir='ltr'>Epist,</span> <span class='ocrx_word' id='word_1_217' title='bbox 505 3821 652 3896; x_wconf 66' lang='lat' dir='ltr'>Friburg„</span> <span class='ocrx_word' id='word_1_218' title='bbox 665 3821 744 3877; x_wconf 77' lang='lat'><strong>1533.</strong></span> 
     </span>
    </p>

    <p class='ocr_par' dir='ltr' id='par_1_5' title="bbox 175 3902 1209 4066">
     <span class='ocr_line' id='line_1_30' title="bbox 210 3902 1209 3981; baseline -0.003 -19"><span class='ocrx_word' id='word_1_219' title='bbox 210 3907 249 3976; x_wconf 79' lang='lat'>(2)</span> <span class='ocrx_word' id='word_1_220' title='bbox 263 3908 330 3964; x_wconf 81' lang='lat' dir='ltr'>Atio</span> <span class='ocrx_word' id='word_1_221' title='bbox 340 3909 529 3981; x_wconf 85' lang='lat' dir='ltr'>Epistularum</span> <span class='ocrx_word' id='word_1_222' title='bbox 539 3911 620 3966; x_wconf 85' lang='lat' dir='ltr'><strong>loco:</strong></span> <span class='ocrx_word' id='word_1_223' title='bbox 635 3907 899 3965; x_wconf 84' lang='lat' dir='ltr'>«Aieanderdenuu</span> <span class='ocrx_word' id='word_1_224' title='bbox 908 3902 1209 3966; x_wconf 81' lang='lat' dir='ltr'>emisitlibrumsuriu·</span> 
     </span>
     <span class='ocr_line' id='line_1_31' title="bbox 175 3991 814 4066; baseline 0.002 -17"><span class='ocrx_word' id='word_1_225' title='bbox 175 4007 240 4049; x_wconf 85' lang='lat' dir='ltr'>sum</span> <span class='ocrx_word' id='word_1_226' title='bbox 254 3991 309 4047; x_wconf 89' lang='lat' dir='ltr'>sub</span> <span class='ocrx_word' id='word_1_227' title='bbox 321 3993 435 4064; x_wconf 90' lang='lat' dir='ltr'>npmine</span> <span class='ocrx_word' id='word_1_228' title='bbox 445 3995 545 4050; x_wconf 85' lang='lat' dir='ltr'>Doleti.</span> <span class='ocrx_word' id='word_1_229' title='bbox 560 4015 574 4045; x_wconf 84' lang='lat' dir='ltr'>u</span> <span class='ocrx_word' id='word_1_230' title='bbox 589 3992 685 4062; x_wconf 80' lang='lat'>(1535,</span> <span class='ocrx_word' id='word_1_231' title='bbox 700 3992 814 4066; x_wconf 84' lang='lat' dir='ltr'>2sept.)</span> 
     </span>
    </p>

    <p class='ocr_par' dir='ltr' id='par_1_6' title="bbox 212 4073 664 4152">
     <span class='ocr_line' id='line_1_32' title="bbox 212 4073 664 4152; baseline 0.002 -22"><span class='ocrx_word' id='word_1_232' title='bbox 212 4074 251 4145; x_wconf 84' lang='lat'>(3)</span> <span class='ocrx_word' id='word_1_233' title='bbox 266 4073 454 4149; x_wconf 81' lang='lat' dir='ltr'>Scaligerana,</span> <span class='ocrx_word' id='word_1_234' title='bbox 467 4095 495 4150; x_wconf 92' lang='lat' dir='ltr'>p.</span> <span class='ocrx_word' id='word_1_235' title='bbox 508 4075 561 4134; x_wconf 75' lang='lat' dir='ltr'>riu</span> <span class='ocrx_word' id='word_1_236' title='bbox 571 4084 664 4152; x_wconf 87' lang='lat' dir='ltr'>etseq.</span> 
     </span>
    </p>
   </div>
   <div class='ocr_carea' id='block_1_3' title="bbox 0 0 1480 4820">
    <p class='ocr_par' dir='ltr' id='par_1_7' title="bbox 0 0 1480 4820">
     <span class='ocr_line' id='line_1_33' title="bbox 0 0 1480 4820; baseline 0 2"><span class='ocrx_word' id='word_1_237' title='bbox 0 0 1480 4820; x_wconf 95' lang='lat' dir='ltr'> </span> 
     </span>
    </p>
   </div>
  </div>
 </body>
</html>
