2950 4820
680 255 858 324 ..48-

257 400 350 473 lauro
362 396 525 470 ethedem
535 394 701 487 cingebat,
718 397 811 489 quin,
828 396 943 488 patriae
958 405 1053 488 pater
1065 396 1151 468 ultro
1161 395 1282 492 lactus,

257 523 461 596 exclamaret
473 519 544 611 ipse
558 522 771 590 Fortunatam
783 539 818 590 so
832 516 961 590 consulo
977 521 1125 590 ltomom.
1135 557 1186 573 -
1197 521 1286 594 Prae-

163 663 166 674 ·
257 654 363 727 terea,
385 640 563 714 discordiae
590 641 653 711 alia
683 661 785 712 causa
812 649 972 731 perpetuo
998 641 1160 716 instabat:
1182 665 1286 714 nem-

259 787 302 858 pe
324 765 404 836 illud
424 762 581 836 secundae
607 761 762 834 orationis
784 760 908 833 tulmen
932 762 1078 834 nondum
1105 765 1283 850 emissum,

258 907 320 958 nec
333 894 446 957 tomen
466 883 688 971 exstinctum,
704 883 750 954 ito
767 891 804 953 ut
827 885 892 954 iste
907 882 1011 954 altera
1029 903 1130 954 manu
1149 905 1284 976 paoem,

259 1007 362 1080 altera
375 1025 456 1076 vero
468 1003 593 1076 bellum
610 1003 753 1096 prolerre
767 1002 947 1075 videretur.
969 1002 1191 1088 Quamobrem
1205 1006 1289 1076 arni·

259 1129 336 1200 citio
358 1126 417 1198 vix
435 1128 584 1210 intexta,
607 1126 703 1219 paulo
721 1134 815 1217 post,
832 1144 951 1216 magna
974 1125 1106 1217 quidem
1124 1124 1289 1216 Omphalii

260 1251 502 1344 desperatione,
521 1247 721 1340 Penelopeoe
734 1246 810 1318 telae
826 1246 944 1331 instar,
973 1257 1133 1340 perpetuu
1163 1247 1290 1320 rescin-

259 1373 410 1444 debatur.

307 1495 396 1566 lnter
426 1495 499 1568 hae
527 1503 638 1568 autern
660 1494 818 1586 ambigua
842 1493 1050 1566 induciarum
1069 1493 1287 1584 spiramenta,

258 1615 367 1687 subito
381 1625 488 1687 morte
504 1623 676 1707 correptus
692 1623 743 1685 est
756 1615 915 1686 Erasmus
930 1609 997 1710 (l).
1010 1614 1054 1705 ln
1070 1635 1168 1706 quern
1182 1614 1289 1686 Scali-

257 1759 331 1829 ger,
342 1737 536 1808 iisdemlere
547 1739 725 1826 verborum
738 1737 922 1829 tragoediis,
937 1737 1057 1828 quibus
1070 1736 1148 1808 olim
1157 1736 1285 1826 odium,

259 1869 338 1931 tuno
350 1879 466 1932 serum
481 1881 629 1932 amorem
637 1835 800 1950 testatus,
819 1859 871 1929 his
884 1858 1036 1932 uersibus
1050 1859 1235 1951 ingemuit:

365 2039 446 2096 Tune
456 2038 530 2096 ctiun
542 2037 672 2096 moreris!
688 2038 749 2096 Ah!
765 2039 832 2111 quid
845 2055 891 2096 mc
902 2039 1019 2114 linquis,
1031 2041 1157 2110 Erasme,

401 2123 477 2180 Ante
490 2137 570 2179 meus
581 2139 666 2196 qnam
681 2122 717 2179 sit
725 2122 890 2182 conciliatus
900 2125 999 2181 amor?

258 2268 369 2340 inhoc
385 2275 499 2339 tamen
523 2267 728 2358 laudandus,
757 2268 845 2360 quod
866 2269 986 2338 mortui
1010 2269 1137 2342 inimici
1160 2269 1290 2342 'umbrae

259 2396 293 2459 et
312 2388 416 2459 cineri
440 2389 636 2480 pepercerit.
667 2388 971 2480 Quiquidem·sane
994 2410 1088 2460 suam
1105 2391 1289 2462 orationem

260 2508 387 2580 urendo
403 2509 524 2581 melius
542 2530 641 2604 quarn
666 2509 839 2582 scribendo
862 2509 1000 2581 meritus
1019 2531 1093 2582 esse
1116 2512 1212 2583 nobis
1235 2512 1289 2584 vi·

259 2630 367 2704 detur.
1058 2631 1066 2646 '

306 2753 1287 2846 Xllll.-llxstinotoigiturillotantaelitisauctora,bellurn

258 2874 425 2966 paulisper
442 2876 622 2966 acquievit.
636 2875 731 2947 Pacis
739 2886 850 2946 autem
860 2875 1289 2948 accessitsummusarbiter

258 3004 292 3066 et
304 2995 1290 3096 moderatorMuretus.QuiquideminquintodecimoVaria·

258 3137 333 3185 rum
348 3115 544 3187 Lectionum
555 3115 657 3201 libro,
678 3117 773 3208 quasi
786 3117 933 3208 partibus
946 3120 1100 3210 utrinque
1120 3117 1241 3189 auditis
1255 3127 1290 3190 et

259 3238 440 3331 dijudicata
459 3259 579 3324 causa,
605 3239 650 3310 ita
674 3259 773 3332 aequo
794 3240 968 3310 sententiae
988 3249 1156 3312 momento
1179 3241 1288 3311 studia

258 3361 394 3434 diversa
411 3362 615 3454 composuit,
632 3371 671 3434 ut
685 3361 782 3434 simul
805 3371 838 3434 at
850 3362 904 3454 jus
922 3361 1081 3435 libertatis
1092 3371 1138 3434 ·et
1155 3361 1288 3434 Cicero·

259 3484 312 3556 nis
324 3484 489 3557 aemulatio
507 3487 767 3579 intralegitimos
780 3488 864 3560 fines
880 3489 1125 3561 continerentur
1139 3483 1205 3582 (ᾖ).
1224 3485 1289 3560 Ne·

294 3729 332 3801 (1)
346 3729 381 3786 12
392 3731 451 3787 Jul.
465 3747 555 3789 mens.
568 3729 648 3787 1536.

294 3813 331 3884 (2)
341 3812 439 3872 Sermo
453 3815 566 3871 habitus
584 3830 648 3871 curn
662 3814 746 3872 Dario
757 3814 899 3872 Bernardo
910 3814 945 3872 de
963 3813 1081 3871 stultitia
1099 3810 1286 3886 quorumdam

259 3895 308 3970 qui
322 3911 351 3952 se
362 3894 558 3953 Ciceronianus
569 3901 685 3953 nocant:

297 4000 313 4032 o
325 3979 392 4037 Fuit
403 3979 460 4037 haee
469 3979 504 4036 dc
516 3977 655 4053 principio
665 3979 803 4037 laboriosa
811 3979 938 4053 quadam
950 3984 978 4034 et
984 3976 1123 4050 exquisita
1132 3973 1286 4050 diligentia,

262 4079 338 4122 nune
349 4063 380 4122 in
399 4062 541 4137 ignauiam
555 4060 648 4120 uertit.
660 4061 735 4130 Quid
746 4061 822 4122 eninr
834 4061 924 4136 magis
940 4060 971 4120 in
987 4065 1120 4136 promptu
1133 4066 1175 4120 est
1188 4074 1285 4134 quam,
