2950 4820
706 295 751 310 ..
773 259 817 326 50
838 293 884 310 .-

327 397 446 472 Xlilll.
463 397 596 470 -Non
614 396 671 468 diu
688 417 770 470 vero
785 417 824 468 ea
837 417 904 488 pax
916 365 1061 468 mansit:
1080 395 1201 470 bellum
1213 399 1305 470 enim

265 523 379 611 eoepit
391 541 554 592 renovare
569 519 654 591 alios
664 519 797 612 quidam
809 519 990 592 acerrimus
1004 519 1305 594 controversiamm

277 643 481 734 exagitator,
502 641 633 712 Erasmi
656 662 735 712 vere
750 641 893 732 fflmulus
909 662 950 713 ac
963 641 1161 733 discipulus,
1181 637 1305 732 majore

274 764 408 836 forsitan
433 765 559 858 ingenii
580 764 736 846 eudocia,
763 764 837 856 pari
858 765 1019 836 libertatis
1039 785 1172 852 amore,
1194 764 1304 837 animo

274 887 411 980 quidem
427 909 495 958 non
508 887 555 958 ita
568 886 677 980 lepido
697 894 730 957 et
747 887 857 977 hilari,
877 887 938 960 sed
948 888 1092 960 firmiore
1099 897 1133 959 et
1143 897 1304 960 constan-

272 1010 369 1092 tiore,
385 1007 699 1100 cuiusvita,iisdem
714 1006 785 1079 iere
798 1007 952 1099 procellis
965 1007 1303 1099 acsimoltatibosjac-
1396 1095 1399 1102 Ι
1461 1043 1462 1066 .

271 1135 360 1213 tata,
376 1127 515 1198 tristiore
529 1126 598 1198 fato
610 1127 796 1218 intercepta
806 1125 879 1197 soit.
895 1125 1148 1198 Petrusscilicet
1162 1125 1298 1214 Romus,

270 1248 429 1348 idemille
443 1249 499 1344 qui
514 1249 658 1341 primos,
680 1249 767 1320 lacta
783 1248 977 1336 rebellione,
995 1248 1166 1342 antiquam
1174 1247 1302 1319 Aristo·

270 1372 345 1442 telis
359 1371 620 1443 dominationem
634 1371 830 1443 labefactare
848 1393 949 1444 ausus
963 1380 1056 1456 erat,
1077 1369 1302 1442 Ciceroniana

270 1493 496 1584 superstitioni
513 1487 661 1564 nondum
686 1493 861 1565 exstinctae
884 1493 1001 1564 statuit.
1021 1512 1209 1576 occurrere.
1231 1491 1301 1563 Hoc

268 1625 381 1688 autem
404 1615 607 1700 discrimine,
626 1615 777 1686 eamdem
793 1614 829 1686 in
844 1615 1034 1709 eloquentia
1046 1636 1149 1708 quam
1165 1615 1200 1686 in
1220 1613 1300 1706 pbi-

267 1737 418 1831 losophia
431 1738 592 1809 libertatis
605 1759 743 1810 causam
757 1738 897 1832 agebat,
913 1759 991 1810 oum
1014 1747 1189 1831 utramque
1212 1735 1298 1806 invi-
1360 1746 1367 1769 ·

268 1857 369 1930 diesis
386 1860 549 1959 angustiis
568 1859 698 1952 eripere
711 1869 902 1932 conaretur.
920 1859 1051 1953 Quippe
1065 1859 1153 1950 apud
1171 1857 1298 1930 illorum

266 1986 455 2072 temporum
484 1979 632 2050 eruditos
664 1982 728 2052 hoc
754 1981 857 2072 vulgo
885 1989 957 2051 erat
981 1981 1158 2067 usitatum,
1189 1987 1226 2050 ut
1264 1978 1298 2049 in

265 2102 365 2172 onius
374 2101 437 2171 viri
452 2101 541 2172 libris
554 2101 779 2175 doctrinarum
789 2124 955 2174 sommam
970 2101 1295 2188 circumscriberent,

265 2224 330 2295 boc
347 2223 491 2294 adhibito
508 2224 669 2319 vocabulo
693 2224 882 2320 :Mopistcr
894 2221 993 2295 dtctt
1009 2222 1296 2308 Quemadmodum

265 2345 365 2436 igitur
386 2343 441 2417 alii
465 2344 678 2417 Aristotelem
696 2366 801 2416 unum
819 2345 1037 2439 philosophiae
1053 2355 1153 2437 caput
1171 2354 1204 2415 et
1223 2343 1297 2421 ion·

142 2466 145 2474 ’
264 2478 333 2539 tem
348 2469 512 2553 esse,.ita
535 2468 590 2539 alii
612 2489 747 2561 quoque
771 2468 805 2538 in
825 2467 986 2539 Cicerone
1002 2487 1070 2540 uno
1091 2467 1201 2538 omnia
1221 2466 1297 2536 elo-

265 2594 410 2684 quentiae
426 2600 594 2685 praecepta
613 2601 646 2663 et
665 2591 834 2685 exempla,
859 2612 903 2662 ne
924 2611 992 2698 una
1018 2590 1152 2682 quidem
1171 2590 1295 2659 omissa

262 2714 318 2786 vel
335 2724 462 2788 motata
475 2714 608 2799 vocula,
626 2714 787 2786 contineri
802 2712 1059 2785 arbitrabantur.
1084 2711 1178 2796 Quod
1194 2709 1295 2804 longe

263 2833 369 2905 Ramo
378 2836 589 2928 displicebat.
602 2835 780 2918 Praeterea,
794 2837 872 2904 eum
883 2834 939 2905 ille
947 2833 1105 2904 Tullianae
1114 2831 1293 2916 facundiae,

264 2977 366 3048 quam
380 2966 538 3031 caeterum
552 2957 651 3029 coluit
667 2951 701 3029 et
711 2957 889 3027 luculentis
903 2956 1079 3027 illustravit
1096 2963 1295 3027 commenta·

262 3078 336 3163 riis,
357 3079 474 3149 anxios
487 3088 652 3150 amatores
668 3087 703 3148 et
715 3078 829 3148 simios
841 3078 1008 3162 irrideret,
1023 3100 1090 3149 non
1102 3087 1231 3150 tantum
1242 3075 1294 3146 Ci-

263 3220 418 3272 ceronem
433 3203 543 3294 ipsum
555 3207 716 3293 quantum
733 3197 967 3285 Aristotelem,
984 3199 1082 3292 bujos
1095 3201 1293 3290 magistrum

263 3343 302 3395 ac
320 3325 460 3410 ducem,
481 3323 679 3396 lacessebat.
703 3321 797 3394 Unde
817 3323 894 3394 baeo
912 3321 1045 3394 inferior
1067 3322 1109 3393 de
1126 3321 1294 3394 rhetorica

264 3454 336 3518 arte
347 3447 697 3539 controversiaprioris
710 3453 744 3517 et
756 3445 897 3517 maximi
908 3445 998 3518 illios
1009 3432 1207 3518 Aristoteliei
1214 3443 1291 3514 belli

263 3569 699 3662 appendixhaberipossit.
1109 3639 1117 3652 ,

311 3687 431 3761 XXIV.
456 3729 506 3744 -
522 3690 669 3764 Brctlnie
684 3688 916 3786 questionibus
938 3686 994 3786 (d)
1019 3696 1200 3761 certamem
1225 3685 1291 3756 ini·

296 3977 335 4048 (t)
344 3977 467 4036 Brutina
476 3978 644 4052 mustiones
653 3979 685 4036 in
696 3986 836 4040 oratorem
846 3977 1054 4038 Ciceroniana
1066 3975 1223 4038 Hammeum
1233 3977 1289 4036 Va·

261 4060 511 4136 larium,lllranciae
519 4061 626 4132 regem,
637 4061 718 4120 1552.
