2950 4820
704 415 746 428 ..
770 379 814 446 54
835 415 880 431 ..

277 517 420 588 officium
437 515 602 600 Ciceroni,
628 519 717 609 quod
737 518 951 612 quadriennio
966 519 1119 609 proximo
1137 517 1306 590 Aristoteli

276 634 517 726 praestitissem,
533 636 759 728 praestandum
772 638 1012 729 intelligebam.
1038 665 1054 702 s

328 755 453 840 Quibus
478 767 591 828 aulem
611 757 819 829 demonstret
842 757 1049 850 argumentis
1075 757 1305 848 comprimen-

276 880 354 949 dam
377 881 463 951 banc
479 879 672 966 audaciam,
691 889 725 950 et
749 881 1019 952 exterminandas
1039 880 1120 950 istas
1138 879 1308 971 opiniones

274 1023 379 1073 novas
395 1003 428 1072 in
441 1010 554 1072 vetere
567 1001 791 1074 doctrinarum
805 1005 883 1076 ludo
902 1003 1127 1093 lascivientes,
1145 1023 1308 1072 memora·

275 1132 312 1194 lu
325 1123 463 1214 dignum
481 1133 544 1196 est.
566 1125 759 1196 Cavendum
777 1126 904 1198 scilicet
926 1148 993 1212 ne,
1011 1124 1204 1218 proculcata
1217 1123 1306 1194 omni

276 1246 509 1336 magistrorum
543 1249 759 1338 auctoritate,
789 1248 1020 1340 Hippocratem
1060 1246 1307 1339 Galenumque,

274 1365 447 1438 Euclidem
469 1367 788 1458 Arelrimedemque,
806 1381 838 1440 et
856 1380 1049 1443 caelercrum
1071 1371 1190 1441 artium
1205 1369 1306 1460 prin·
1400 1405 1414 1436 ι

276 1487 369 1578 cipes
387 1489 525 1580 rejioiat‚
541 1491 668 1583 etjam,
685 1500 721 1561 ut
736 1490 955 1583 philosophiae
975 1501 1009 1562 et
1026 1491 1240 1584 eloquentiae,
1263 1491 1312 1561 ita

276 1609 464 1696 medicinae,
483 1613 678 1702 geometriae
697 1593 947 1704 et'astrologiae,
966 1620 1093 1683 mutato
1113 1621 1218 1697 statu,
1237 1632 1309 1681 am-

275 1729 440 1821 plissimos
453 1732 526 1804 illos
544 1732 752 1804 eruditorum
769 1743 900 1816 coetus,
922 1732 993 1803 illas
1011 1739 1143 1804 veteres
1160 1741 1196 1803 et
1212 1732 1312 1834 illus7

276 1861 344 1923 tres
365 1852 575 1939 academias,
593 1855 745 1925 omnium
761 1853 1011 1949 disciplinarum
1032 1876 1146 1940 arces,
1169 1853 1205 1924 in
1223 1851 1312 1923 nullo

256 1972 347 2064 loco
364 1973 534 2046 habendes
547 1983 581 2044 et
601 1976 673 2066 ipse
692 1977 875 2066 praedicare
895 1985 927 2047 et
945 1987 1083 2047 caeteros
1105 1975 1227 2045 docere
1247 1993 1312 2043 non

278 2096 418 2168 dubitet.
442 2097 660 2191 Quaequidem
680 2108 716 2169 ut
740 2109 866 2170 avertat
882 2098 1048 2191 pericula,
1069 2096 1233 2168 institerit
1250 2093 1313 2165 ob·

276 2217 365 2288 viam
384 2218 573 2303 Perionius,
596 2229 643 2304 et,
668 2221 764 2312 signo
783 2222 926 2304 sublato,
944 2242 1003 2312 pro
1019 2219 1191 2291 Ciceronis
1208 2216 1311 2304 lama,

259 2417 263 2424 ,
278 2339 493 2433 moribusque
506 2351 539 2411 et
562 2341 749 2433 eloquentia
766 2341 912 2412 dimicat.
929 2339 1097 2412 Caeterum
1109 2338 1226 2410 eadem
1242 2338 1311 2410 lere

275 2461 420 2554 singula,
435 2484 509 2557 quae
526 2463 688 2556 Scaliger,
705 2472 862 2535 retractat
875 2473 1105 2556 argumenta,
1125 2461 1242 2532 eadem
1259 2459 1312 2558 vi-

274 2584 349 2658 brat
361 2585 498 2658 fulmina
513 2586 631 2658 eodem
646 2587 746 2657 animi
763 2586 877 2658 'studio
892 2607 931 2657 ac
945 2586 1083 2678 pietate,
1100 2605 1163 2654 nec
1178 2603 1244 2652 non
1261 2581 1311 2650 la-

276 2709 417 2797 tinitate,
442 2710 477 2780 in
494 2709 681 2802 jaotdandis
709 2719 822 2781 lamen
852 2708 1011 2780 conviciis
1042 2717 1074 2778 et
1099 2705 1313 2799 projiciendis

275 2834 429 2924 ampullis
446 2834 578 2906 forsitan
592 2836 712 2926 impar,
729 2835 793 2907 etsi
807 2834 982 2926 aliquando
998 2853 1118 2903 vocem
1133 2839 1166 2901 et
1177 2830 1242 2901 iras
1259 2831 1312 2900 in·

274 2953 357 3024 flare
376 2954 605 3041 videatur,vel
622 2977 699 3027 oum
717 2955 800 3050 sceti
824 2954 1031 3028 atrocitatem
1046 2952 1241 3035 denuntiat,
1258 2947 1313 3021 vel

276 3094 353 3144 cnm
368 3075 512 3145 Remum
526 3075 579 3145 bis
597 3077 709 3146 verbis
726 3079 838 3168 ipsum
855 3076 1036 3167 compellat
1055 3098 1062 3146 :
1087 3071 1203 3145 Nonne
1221 3083 1252 3144 te
1266 3070 1314 3143 rut

273 3196 402 3291 podet?
419 3220 483 3269 nort
504 3195 694 3270 mendacii?
716 3219 781 3268 noo
801 3196 982 3270 vanitatis?
999 3225 1015 3262 n
1037 3197 1089 3267 vel
1109 3217 1186 3268 oum
1198 3214 1313 3286 regem

276 3319 454 3391 Henricum
463 3318 653 3405 valesium,
671 3319 725 3389 cui
739 3318 1042 3392 dedicatael'uerent
1053 3319 1198 3389 Brutinae
1211 3335 1315 3407 quaes·

276 3439 395 3524 tiones,
420 3440 603 3513 obtestatur
618 3451 668 3529 ut,
688 3443 862 3535 repudiato
877 3443 932 3513 illo
946 3443 1059 3514 nelarii
1071 3441 1176 3513 libelli
1189 3446 1314 3533 patro-

277 3563 363 3632 cinio
376 3617 385 3648 ,
399 3565 433 3635 in
453 3574 624 3637 auctorem
641 3568 756 3637 saeviat
770 3575 804 3638 et
827 3566 1034 3638 labefactatae
1054 3571 1229 3637 succurrat
1246 3559 1314 3630 elo-

277 3667 436 3777 quentiae.
464 3683 630 3761 Praeterea
653 3691 767 3762 multae
790 3687 888 3762 simul
913 3688 956 3760 de
981 3687 1124 3760 oratoria
1143 3693 1239 3775 erle,
1271 3683 1314 3754 de

275 3807 454 3879 verborum
471 3811 603 3901 liguris,
617 3811 659 3882 de
673 3810 920 3902 partitionibus,
941 3811 982 3880 de
996 3807 1187 3896 sententiis,
1198 3806 1239 3876 de
1248 3823 1315 3874 mo·

276 3930 327 4002 dis
355 3941 387 4002 et
414 3934 559 4006 numeris
589 3942 736 4026 aguntur
761 3931 1008 4025 controversiae.
1038 3928 1164 4013 Quibus
1201 3922 1313 4020 palem

275 4055 400 4127 indicat
417 4055 589 4128 Perionius
600 4057 743 4128 Ramum
759 4065 793 4128 et
809 4054 994 4147 ignorantia
1007 4063 1041 4125 et
1056 4053 1181 4124 invidia
1192 4069 1312 4144 pecca·

276 4175 377 4266 visse,
391 4186 424 4250 et
437 4197 525 4254 nunc
537 4181 636 4252 etiam
648 4197 751 4270 prava
766 4176 918 4251 laborare
936 4175 1132 4263 ambitione,
1148 4193 1240 4256 cum,
1255 4169 1311 4242 de·
