2950 4820
719 359 759 374 ..
784 324 827 392 36
850 356 892 372 ..

297 463 415 537 dandis
429 461 539 533 verbis
555 459 701 532 licentiae
715 480 755 531 ac
773 459 1007 542 vehementiae,
1028 458 1200 552 multiplex
1216 468 1316 530 caete-

294 606 380 669 rum,
402 605 477 656 cum
495 583 582 654 idem
597 582 845 674 grammaticus,
871 581 1032 667 medicus,
1055 581 1269 672 philosophus
1283 589 1318 652 et
1372 577 1375 582 ’

293 706 525 800 aliquantulum
540 704 634 774 miles
646 705 756 788 luerit,
772 704 831 775 sed
846 705 909 775 bac
923 707 1069 774 omnium
1083 704 1202 775 artium
1215 702 1317 774 farra·

292 827 369 918 gine
384 828 430 896 ita
446 825 598 910 refertus,
616 836 651 895 ut
665 846 721 896 eas
736 823 929 917 plerumque
941 821 1089 915 gloriolae
1100 824 1207 915 magis
1217 845 1316 915 quam

291 947 440 1019 utilitatis
451 968 550 1017 cansa
559 947 746 1037 promiscue
758 956 924 1018 ostentare
935 947 1116 1017 videretur.
1129 947 1224 1018 Hunc
1238 941 1316 1017 vero

291 1070 438 1141 nondum
459 1068 545 1139 lama
568 1069 747 1154 celebrem,
769 1078 802 1139 et
818 1088 885 1139 non
908 1077 974 1138 tam
996 1068 1054 1137 otii
1076 1089 1175 1160 quam
1197 1067 1316 1138 silentii

289 1190 519 1282 impatientem
542 1191 740 1274 incitabant,
763 1199 885 1280 praeter
907 1189 1032 1261 discors
1050 1190 1220 1281 ingenium
1234 1211 1315 1260 con·

289 1313 527 1404 troversiaeque
546 1313 692 1383 studium
712 1321 745 1380 et
767 1311 893 1402 linguae
917 1311 1134 1402 proterviam,
1156 1319 1226 1383 tum
1241 1332 1316 1402 spes

289 1433 405 1525 gloriae
416 1433 634 1518 assectandae,
646 1434 673 1503 si
685 1433 858 1503 Erasmum
872 1441 961 1504 tanto
976 1435 1110 1504 nomine
1125 1435 1314 1505 circumda-

290 1563 361 1626 tum
375 1557 428 1627 vel
442 1558 643 1648 profligaret,
663 1555 718 1625 vel
732 1554 884 1638 laederet,
902 1554 956 1624 vel
976 1556 1081 1625 solum
1097 1557 1229 1648 paribus
1242 1558 1314 1629 telis

290 1675 332 1746 ad
353 1686 521 1748 certamen
532 1685 684 1769 cogeret,
706 1686 775 1747 tum
790 1675 922 1767 gentilis
940 1683 973 1747 el
986 1678 1086 1747 avitae
1102 1677 1209 1748 laudis
1222 1701 1312 1764 cura,

291 1819 392 1891 quam
409 1799 479 1891 ipse
504 1800 639 1872 Verona
661 1799 829 1884 oriendus,
850 1799 912 1870 etsi
932 1797 1084 1891 Agendi,
1104 1800 1159 1871 ubi
1176 1822 1315 1874 uxorem

290 1897 445 2006 duxerat,
462 1923 494 1990 in
509 1919 611 1990 Gallia
626 1920 801 2005 habitaret,
815 1920 901 1991 tueri
916 1931 1164 2012 aggressusest.

338 2044 493 2112 Attamen
505 2040 546 2110 ab
568 2062 694 2112 excuso
712 2041 928 2112 Ciceroniano
948 2042 1015 2113 lere
1033 2052 1103 2114 tres
1117 2044 1196 2114 anni
1211 2044 1316 2135 elapsi

290 2170 382 2246 sunt,
399 2170 577 2260 antequam
589 2160 653 2232 boc
665 2161 756 2252 pium
770 2181 889 2233 munus
901 2163 1098 2254 susciperet,
1108 2165 1318 2257 quodbgen-

292 2281 341 2369 ni,
359 2280 451 2350 velut
468 2281 502 2349 in
516 2291 666 2350 extremo
683 2289 847 2350 terrarum
860 2281 953 2366 orbe,
972 2291 1132 2370 remotus,
1152 2286 1317 2357 netarium

289 2401 380 2472 bunc
405 2401 569 2494 dialogum
596 2401 717 2473 frustra
744 2404 962 2495 quaesiverat;
987 2403 1069 2478 odeo
1100 2418 1316 2496 mercatores,

290 2531 329 2594 ut
346 2523 391 2594 ait
413 2523 498 2614 ipse,
523 2522 574 2594 vel
594 2521 639 2594 od
656 2523 791 2594 Enormi
814 2546 929 2596 nomen
950 2524 1246 2602 exhorrescebant!
1263 2530 1318 2627 (l)

292 2643 370 2716 Post
388 2646 452 2715 boc
465 2645 567 2738 igitur
584 2648 744 2738 temporis
763 2641 1001 2739 intervallum,
1023 2651 1167 2722 intonuit
1187 2653 1319 2724 tandem

191 2745 196 2754 ¹
291 2767 474 2839 vehemens
491 2779 525 2839 et
548 2768 725 2840 luribunda
749 2769 807 2840 illa
834 2770 1051 2859 declamatio,
1079 2775 1214 2866 qualem
1231 2796 1320 2848 uun-

295 2910 397 2980 quam
412 2889 561 2976 Catilina,
580 2890 658 2961 dum
671 2892 786 2982 patriae
801 2892 948 2982 caedem,
974 2895 1127 2967 incendia
1141 2906 1174 2968 et
1190 2899 1319 2970 ruinam

293 3010 506 3104 moliebatur;
536 3033 601 3084 nec
621 3011 805 3104 Antonius,
826 3035 904 3084 cum
926 3015 1053 3088 ltaliam
1078 3017 1163 3091 lerro
1186 3029 1219 3092 ct
1241 3021 1318 3113 igne

293 3141 460 3238 uastaret,
483 3134 737 3205 suscitaverant.
759 3137 795 3206 ln
813 3135 877 3207 hac
894 3146 1052 3210 caelerum
1065 3143 1246 3215 secundam
1259 3144 1323 3215 Ci-

295 3257 424 3328 ceronis
442 3257 660 3351 Philippicam
679 3257 827 3330 maxime
843 3269 979 3332 secutus
995 3261 1119 3355 luerat;
1138 3287 1202 3338 neo
1213 3266 1321 3338 inleli·

293 3379 374 3451 citer
396 3381 557 3473 quidem,
588 3381 720 3453 omissis
743 3384 916 3455 sententiis
938 3395 978 3456 et·
991 3389 1218 3478 argumentis,
1246 3411 1324 3483 quae

295 3501 493 3596 plerumque
507 3513 584 3576 sunt
603 3504 762 3597 ridicula,
787 3506 945 3580 Tullianae
962 3509 1121 3583 orationis
1143 3512 1270 3584 vultum
1288 3521 1324 3584 et

291 3625 442 3697 habitum
457 3637 683 3720 expresserat.

341 3747 393 3820 bd
411 3749 569 3822 Gallicam
583 3753 795 3844 juventutem
811 3761 986 3852 magnifiee
1001 3770 1035 3832 et
1048 3761 1229 3853 composite
1244 3780 1324 3853 pro·

294 3871 473 3959 oemiatus,
497 3872 559 3945 sibi
570 3875 705 3948 veniam
717 3881 800 3970 petit
813 3892 948 3975 propter
958 3882 1084 3976 ingenii
1097 3883 1322 3954 infirmitatem

328 4118 365 4194 (1)
379 4119 489 4182 Prolal.
502 4119 580 4181 Orat.
593 4121 624 4185 in
635 4121 744 4183 Erasm.
