2950 4820
701 295 879 360 ..12-

278 434 428 506 kalcndis
453 431 689 504 inscribuntur.
717 433 879 503 Praeterea
899 431 1017 503 multas
1042 433 1084 503 ab
1107 431 1224 503 eodem
1243 430 1308 500 de·-

281 565 422 645 tractas,
443 576 526 646 quas
539 554 725 639 derideret,
742 556 858 625 iustus
876 554 1004 645 Lipsius
1017 557 1052 624 iu
1068 554 1226 625 centuriis
1239 553 1309 622 suis

280 677 452 768 recollegit
465 674 530 771 (l).
555 677 633 758 Sic,
654 677 799 768 exempli
815 677 941 768 gratia,
959 676 1047 766 apud
1073 676 1230 748 eumdem
1247 673 1307 742 di·

281 798 367 870 citur
390 819 447 868 rex
476 797 645 869 Thracum
672 798 728 890 qui
751 798 881 868 caeteris
906 799 1113 896 Turearum3
1141 797 1308 890 aloysius,

283 930 319 991 ut
335 920 442 1010 magis
458 921 611 1014 ῥωμαῖστί,
633 919 799 992 Gallorum
819 941 898 1004 rex,
920 921 977 1012 qui
1003 921 1085 990 alias
1100 919 1307 1006 Ludovicus;

282 1036 381 1112 Fides
407 1049 518 1110 autem
548 1036 709 1112 catholico
733 1042 864 1113 nonnisi
886 1039 1058 1113 Persuasie
1081 1050 1152 1134 crt,·
1173 1042 1315 1110 Eccum·

282 1159 571 1256 enucleatimque
586 1159 910 1256 etipoiiatardiotio,·
931 1167 1072 1234 Peccata
1089 1159 1245 1232 morituro
1261 1181 1314 1231 re-

281 1281 430 1369 mittere,
455 1285 540 1355 Deos
566 1305 700 1377 superea
733 1305 911 1378 mortesque
939 1281 991 1355 illi
1025 1281 1176 1378 placore.
1209 1281 1315 1352 Roma

282 1403 384 1492 igitur
408 1404 482 1488 illa,
500 1405 690 1476 christianae
719 1405 887 1497 religionis
915 1405 1012 1476 sedes
1033 1427 1071 1476 ac
1092 1403 1309 1489 domicilium,

284 1547 344 1597 arx
359 1525 413 1597 illa
427 1528 650 1615 sanctissima,
666 1529 719 1600 cui
737 1551 828 1600 verae
846 1530 938 1600 Fidei
958 1529 1094 1600 tutelam
1107 1527 1315 1601 custodiam-

286 1670 352 1739 que
377 1650 480 1720 Divus
499 1649 615 1722 Petrus
640 1653 864 1737 commiserat,
885 1653 986 1723 fiebat
1010 1651 1255 1743 semi-pagana,
1271 1650 1316 1720 ita
1417 1718 1420 1726 .

288 1779 324 1842 ut
334 1770 480 1842 Pontifex
493 1773 579 1864 ipse,
589 1772 797 1859 cardinales,
812 1774 980 1867 Episcopi,
997 1775 1220 1865 theologique,
1235 1770 1317 1841 nibil

286 1892 347 1962 nisi
366 1891 548 1979 Platonem,
566 1895 747 1966 Homerum
773 1906 806 1966 et
826 1894 1036 1985 Ciceronem,
1052 1894 1236 1984 lovemque
1256 1911 1316 1983 pro

287 2011 1316 2109 Deo,Numinapr0sanctis,Apollinemprerrist0,Diauam·

288 2154 354 2226 que
365 2155 422 2226 pro
434 2135 571 2226 Virgine
585 2148 743 2229 perpetuo
753 2137 987 2225 fabularentur.
1007 2137 1076 2207 lloo
1091 2135 1188 2207 modo
1202 2143 1319 2206 exorta

290 2263 369 2325 sunt
385 2251 601 2343 eruditorum,
615 2266 651 2327 ut
666 2258 712 2327 ita
726 2259 850 2356 dicam,
866 2257 1065 2346 Saturnalia,
1083 2257 1203 2349 quibus
1218 2275 1320 2346 agen·

289 2374 341 2445 dis
354 2376 475 2465 pariter
489 2398 529 2447 ac
545 2377 730 2470 promiscue
753 2377 949 2470 Capitolium
966 2386 1000 2448 et
1013 2377 1209 2464 Vaticanus,
1223 2375 1320 2446 thea-

289 2504 337 2567 tra
357 2504 391 2568 et
411 2498 535 2590 templa
553 2498 650 2589 quasi
666 2499 797 2590 propria
814 2499 938 2569 fiebant
954 2497 1131 2568 domicilia.
1153 2495 1317 2567 Zenobius

291 2629 401 2689 autem
421 2619 620 2706 Acciaiolius
645 2621 730 2691 oden
752 2620 872 2692 edebat
890 2641 955 2714 qua
977 2619 1123 2690 Leonem
1153 2616 1320 2688 decimum

291 2741 466 2813 luminare
479 2742 587 2838 majos
602 2741 773 2830 necteria,
794 2742 861 2814 Soli
880 2764 939 2812 seu
957 2741 1078 2811 Pbrebo
1097 2748 1316 2831 compararet.

164 2925 167 2932 .
292 2862 603 2954 Paulopostetiam,
625 2865 685 2934 sub
705 2864 874 2935 Clemente
899 2864 1060 2953 septimo,
1082 2861 1201 2931 borum
1223 2869 1317 2930 tem-

285 3002 408 3074 porum
422 2983 658 3054 celeberrimus
675 2992 772 3074 poete
787 2985 900 3055 Actius
913 2984 1082 3073 Syncerus
1096 2981 1319 3052 Sannazarius

292 3108 327 3177 in
343 3127 437 3176 sacro
450 3115 617 3196 poemate,
635 3105 722 3196 quod
738 3104 823 3175 inter
842 3104 993 3174 scenicos
1014 3103 1111 3172 ludos
1134 3103 1167 3172 io
1190 3102 1318 3173 theatro

294 3228 355 3299 luit
368 3227 595 3314 decantatum,
615 3225 705 3296 omui
724 3226 843 3317 populo
865 3224 1060 3316 plaudente,
1082 3222 1254 3314 Virginem
1270 3220 1318 3291 si-

295 3350 426 3443 byllinis
445 3348 537 3419 libris
554 3325 714 3420 intentam
729 3356 763 3418 et
784 3348 899 3418 Protea
920 3347 962 3418 de
984 3346 1113 3418 Christe
1131 3345 1323 3416 vaticinan-

296 3472 580 3544 tmfflww:

544 3637 592 3695 llli
606 3645 711 3695 veteres
724 3638 759 3695 de
772 3653 850 3694 mere
861 3638 967 3711 sibyllae

404 3723 438 3778 ln
452 3720 583 3778 manibus
584 3762 639 3779 .....

405 3807 470 3878 lpse
482 3803 552 3860 mibi
567 3805 625 3862 bac
637 3807 791 3879 quondam,
805 3765 938 3873 memini,
953 3807 1021 3866 dum
1034 3806 1098 3862 talia
1111 3820 1221 3862 mecum

335 4127 370 4199 (1)
381 4125 500 4202 deust-2.
514 4157 549 4169 -·
559 4123 649 4197 Epist.
663 4122 715 4198 57„
