2950 4820
600 241 777 306 ...51-

169 383 219 453 vit
233 380 370 452 Remus.
386 376 599 470 Quoquidem
614 377 649 448 in
662 375 821 469 opusculo
836 395 902 446 non
918 377 990 467 ipse
1004 388 1202 470 suaspartes

171 503 253 596 agit,
274 500 333 572 sed
347 499 434 571 Bruti
454 519 631 591 personam
652 499 792 582 inducit,
813 507 850 570 ut
865 497 957 570 hunc
977 499 1069 570 velut
1082 501 1204 570 redivi-

169 646 250 695 vum
268 623 387 694 iterum
402 642 477 692 cum
492 618 654 692 Cicerone
667 621 855 692 committat
869 621 910 691 de
926 629 1056 691 oratore
1072 619 1205 713 discep-

172 755 312 819 tantem.
325 745 362 814 ln
375 743 446 835 ipsa
456 751 570 814 autem
586 741 659 811 libri
674 741 876 833 praefatione,
897 763 965 834 qua
975 752 1088 813 mente
1102 743 1205 833 scrip-

137 861 139 878 '
174 868 255 941 serit
273 867 387 959 paucis
400 864 511 934 verbis
531 872 670 933 monet:
698 892 713 926 u
742 863 778 931 ln
799 862 935 935 Oratore
954 863 1121 936 Ciceronis
1139 885 1207 935 non

174 965 281 1061 solum
296 989 337 1059 de
353 985 488 1058 asiatica
509 985 729 1055 redundantia
759 984 838 1070 sed,
861 985 1030 1080 (quoniam
1049 985 1145 1057 datur
1168 986 1208 1055 iis

175 1109 470 1184 exercitationibus
488 1129 528 1178 ea
540 1105 655 1203 venia)
671 1107 713 1177 de
725 1107 863 1199 propriis
876 1108 1050 1180 rhetoricae
1065 1106 1208 1200 discipli-

176 1254 228 1304 nae
250 1227 444 1324 praeceptis,
469 1227 577 1320 deque
599 1227 699 1298 totius
728 1227 935 1302 tractationis
958 1228 1103 1311 ratione,
1129 1249 1209 1299 con·

178 1351 313 1440 stantia,
331 1348 486 1434 veritate,
502 1358 711 1441 quaerentem
722 1346 858 1418 Brutum
876 1347 952 1435 leci,
969 1357 1002 1420 et
1021 1348 1159 1440 quidem
1168 1350 1212 1419 ita

178 1480 396 1565 quaerentem,
414 1477 451 1540 ut
471 1468 623 1563 proprias
645 1467 813 1539 Ciceronis
835 1467 949 1538 laudes
966 1477 1000 1539 et
1010 1469 1151 1541 virtutes
1160 1489 1213 1539 or·

177 1600 285 1676 naret,
298 1591 377 1660 vitia
389 1611 457 1662 non
470 1589 797 1662 solumavirtutibus
811 1599 981 1681 separaret
994 1590 1213 1682 etdistingue-

176 1719 242 1795 ret,
255 1711 358 1796 sedin
373 1712 528 1783 authores
543 1707 597 1806 (l)
613 1708 842 1782 transterendo
858 1711 909 1780 vel
919 1720 1096 1783 excusaret
1104 1710 1214 1782 velat·

179 1844 346 1906 tenuaret.
372 1867 388 1899 a

230 1955 393 2027 Omnibus
422 1957 525 2048 igitur
549 1957 593 2026 ita
616 1956 791 2047 descriptis
817 1979 858 2040 ac
873 1958 1089 2049 temperatis,
1123 1955 1215 2026 Bruti

180 2077 318 2149 nomine
332 2078 453 2162 fretus,
475 2078 583 2168 primo
599 2078 633 2147 in
657 2078 843 2169 eloquentia
861 2078 933 2170 ipsa
954 2078 1140 2149 delinienda
1160 2075 1214 2150 Ci-

180 2218 358 2283 ceronem,
387 2197 474 2290 quod
504 2199 677 2270 ambitioso
708 2201 890 2271 rhetorices
912 2201 1050 2271 circuitu
1079 2209 1215 2270 caeteras

181 2339 299 2388 omnes
315 2327 402 2390 artes
423 2319 523 2390 luerit
543 2319 734 2412 amplexuS,
757 2321 939 2412 redarguit.
966 2320 1094 2413 Cuique
1125 2321 1215 2392 enim

181 2441 258 2520 arti,
272 2447 309 2508 ut
324 2458 421 2507 suum
435 2439 549 2525 finem,
566 2441 612 2510 ita
627 2462 720 2512 suam
736 2429 1083 2533 materiampropriam
1095 2463 1135 2513 ac
1152 2462 1213 2532 pe·

182 2557 343 2629 cultorem
379 2579 476 2641 esse;
506 2559 710 2631 dialecticam
743 2582 824 2631 vero
857 2582 878 2632 a
904 2563 1069 2633 rhetorica
1098 2561 1215 2630 eodem

181 2681 273 2764 lere,
297 2702 362 2772 quo
384 2681 564 2772 geometria
581 2682 743 2752 amusica
775 2682 892 2766 distat,
915 2682 1090 2753 intervallo
1115 2701 1218 2774 sepa-

121 2809 123 2813 ’
182 2805 248 2874 rari
269 2799 344 2896 (2);
369 2825 478 2895 neque
508 2811 596 2874 tanta
624 2804 804 2874 verborum
831 2803 1006 2874 ambitione
1036 2774 1120 2897 opus
1142 2825 1216 2876 esse

182 2936 361 3015 memorat,
376 2935 414 2997 ut
429 2947 496 3010 ara,
513 2933 672 3012 caeterum
690 2945 754 2996 uno
769 2934 802 2996 et
814 2925 967 3018 simplerr,
982 2927 1082 2998 certis
1097 2927 1217 2998 tinibus

184 3045 413 3131 describatur;
433 3049 556 3141 quippe
575 3071 708 3119 omnem
729 3048 878 3120 oratoriae
902 3050 984 3119 artis
1004 3051 1161 3122 virtutem
1184 3049 1219 3118 in

128 3167 130 3176 ’
185 3168 373 3243 elocutione
388 3172 494 3242 solum
513 3182 546 3242 et
561 3172 689 3242 actione
703 3172 850 3263 versari;
866 3193 909 3242 ex
919 3171 973 3242 bis
982 3171 1083 3262 igitur
1095 3170 1219 3263 perlec-

186 3297 273 3372 tum,
294 3301 456 3381 quantum
471 3291 626 3363 humanae
646 3300 774 3362 naturae
796 3290 907 3379 datur,
934 3291 1005 3361 lieri
1025 3298 1186 3360 oratorem
1207 3310 1216 3372 ;

187 3431 299 3502 neque
315 3422 406 3482 certe
420 3412 508 3482 illam
525 3403 683 3487 eximiam
695 3423 728 3484 et
743 3412 928 3484 absolutam
946 3411 1084 3482 oratoris
1104 3411 1219 3504 imagi·

188 3553 283 3616 uem,
303 3533 338 3602 in
357 3531 530 3604 Ciceronis
548 3533 630 3605 libro
646 3534 817 3626 splendide
833 3533 920 3604 talsis
937 3533 1101 3605 coloribus
1124 3533 1218 3605 luca-

226 3854 266 3926 tl)
277 3854 391 3916 Scilicet
400 3855 432 3914 iu
442 3855 633 3916 Aristotelem.

106 3968 112 3980 ·
225 3943 266 4023 12)
276 3945 338 4004 Hoc
357 3947 463 4022 pariter
473 3946 504 4005 iu
516 3947 708 4018 Aristotelem,
720 3947 771 4024 qui
782 3948 885 4007 dixerit
900 3974 907 4009 ι
923 3971 939 4002 c
956 3941 980 4006 d
997 3951 1125 4024 Ρητορική
1149 3947 1222 4000 ἔστιν

193 4036 369 4110 ἀντίστροφος
385 4044 418 4112 τῇ
434 4041 600 4114 Διαλεκτικῇ.
615 4063 632 4096 a
644 4041 751 4111 (Rheb,
764 4041 815 4100 lib.
827 4057 849 4110 t,
859 4057 920 4116 cap.
936 4045 968 4112 Ι.)
