2950 4820
592 322 767 388 ..29-

164 465 267 559 genii,
283 464 420 536 Erasmo
443 463 629 550 facundiae,
650 463 726 534 Vivi
744 471 856 539 autem
880 461 992 554 judicii
1012 463 1191 554 provincia,

164 588 259 683 quasi
276 586 448 679 proprium
463 606 600 670 munus,
620 585 825 656 tribueretur.

215 709 389 800 Postquam
408 707 509 798 igitur
527 707 586 776 hos
601 725 717 774 omues
730 705 936 798 bulephorus
950 727 968 776 a
982 704 1196 778 Ciceroniana
1300 760 1303 766 .

165 831 299 903 cohorte
321 828 534 920 segregavit,
558 827 599 896 aul
622 827 713 896 illum
736 828 866 898 tandem
888 828 1056 898 delectum
1082 837 1116 898 et
1134 849 1196 898 ax·

166 953 322 1045 quisitum
354 951 509 1021 ltalorom
535 951 671 1030 lloreru,
706 950 763 1038 qui
790 947 998 1022 ciceroniani
1029 950 1195 1038 dicuntur,

165 1074 312 1169 respicit.
344 1072 432 1144 Ante
462 1091 590 1160 omnes¹
609 1069 735 1140 scilicet
765 1070 961 1162 Longolium
988 1073 1195 1164 aggreditur,

168 1204 310 1288 quocum
323 1194 399 1266 olim
415 1193 591 1264 amicitiam
610 1202 643 1263 et
660 1191 875 1285 epistularum
896 1197 1132 1266 commercium
1148 1197 1198 1268 in·

170 1319 362 1388 choaverat.
392 1313 447 1398 llic
474 1332 573 1402 vero,
589 1335 630 1384 ex
649 1334 713 1405 quo
735 1313 867 1384 civitate
889 1315 1036 1386 Romana
1061 1289 1200 1389 donatus

166 1448 253 1520 crat,
277 1448 313 1508 ut
330 1439 524 1529 plerumque
542 1437 650 1507 sulent
666 1437 819 1508 homines
838 1437 924 1508 dolci
948 1439 1075 1511 fortuna
1094 1438 1196 1519 ebrii,

164 1561 324 1630 Batavum
352 1568 541 1644 oratorem,
573 1559 666 1648 quasi
693 1559 764 1650 ipse
790 1567 890 1629 natus
917 1570 1007 1630 esset
1035 1560 1197 1644 Athenis,

163 1691 309 1773 coeperat
328 1680 513 1772 dedignari.
534 1680 696 1752 Praeterea
711 1662 907 1770 jamdudum
926 1682 1103 1772 supercilio
1116 1705 1199 1774 qoo-

163 1804 242 1881 dam¹
261 1814 296 1874 et
311 1804 404 1894 gravi
421 1803 643 1873 taciturnitate
659 1801 822 1890 Erasmu,
843 1803 971 1874 homini
988 1804 1081 1874 hilari
1101 1814 1135 1874 et
1151 1805 1200 1874 le-

164 1926 260 2016 pido,
281 1927 415 1996 minime
441 1925 632 2016 placuerat,
658 1945 731 1993 cum
756 1946 814 2015 per
829 1935 896 1996 tres
914 1926 1007 2011 dies,
1027 1947 1201 2016 quoscum

163 2048 220 2118 illo
242 2059 378 2139 egerat,
412 2069 455 2118 ne
475 2049 507 2119 in
537 2047 697 2118 conviviis
721 2047 854 2139 quidem
880 2049 982 2120 semel
1005 2049 1095 2124 visus
1115 2058 1205 2123 esset

163 2170 361 2262 subridere(
387 2166 416 2264 ).

212 2294 330 2386 ltaque
348 2294 439 2363 bono
452 2293 695 2384 amplissimum
709 2293 894 2366 Romanum
912 2295 1020 2370 civem
1037 2293 1202 2385 Bulephc-

163 2434 221 2483 rus
253 2414 370 2482 acriori
399 2434 541 2483 censura
570 2413 774 2497 insectatum
804 2415 898 2505 cnjus
922 2417 1056 2486 inanem
1072 2417 1204 2488 titulum

164 2534 304 2617 irridet,
333 2534 378 2605 ita
402 2543 439 2604 ut
466 2535 539 2628 ipse
567 2535 650 2606 civis
676 2536 767 2605 malit
788 2557 862 2607 esse
893 2531 1104 2615 Basileen'sis.
1127 2536 1204 2612 Mox

164 2658 268 2731 etiam
288 2655 385 2747 hujus
405 2655 573 2726 luculenta
596 2670 631 2725 et
649 2657 812 2748 perpolita
835 2657 963 2728 mordet
984 2678 1105 2749 opera,
1133 2678 1207 2748 quae

165 2776 382 2871 paucioribus
401 2776 553 2847 manibus
569 2799 669 2869 quam
686 2777 798 2848 llatavi
811 2777 949 2851 oratoris
965 2779 1081 2848 naeniae
1097 2788 1209 2851 terun-

168 2910 235 2971 tur.
258 2899 314 2969 Sic
331 2896 418 2990 apud
431 2919 508 2969 eom
527 2898 643 2972 inanes
659 2887 835 2970 verborum
853 2899 1050 2990 tragoedias,
1073 2909 1106 2970 et
1126 2920 1210 2990 prae-

168 3033 311 3114 posterae
323 3023 518 3113 eloquentiae
536 3023 675 3110 somnia,
692 3031 727 3092 et
743 3021 887 3094 ludicras
909 3022 1075 3094 orationes
1093 3024 1128 3092 in
1143 3022 1209 3094 Ca·

172 3147 289 3238 pitolio
305 3145 452 3228 babilas
471 3154 505 3216 et
518 3145 698 3238 Philippica
715 3145 769 3217 illa
791 3147 825 3215 in
842 3145 1047 3216 Lutherauos
1061 3146 1209 3222 Tulliano

172 3287 264 3336 more
280 3275 427 3336 contorta
448 3266 601 3348 fulmina,
623 3267 683 3336 sed
704 3268 868 3337 interdum
893 3267 1016 3338 lumida
1037 3276 1070 3334 et
1087 3266 1211 3340 sobob-

173 3407 292 3471 scura,
317 3407 357 3455 ac
382 3387 513 3456 tandem
544 3388 578 3455 in
606 3387 752 3477 epistolis
772 3387 923 3480 jocorum
954 3385 1212 3478 urbanitatisque

174 3508 279 3600 lrigus
295 3505 433 3597 corripit
446 3515 480 3578 et
499 3507 642 3578 lacessit.
659 3507 783 3578 Verum
801 3508 922 3578 Bembo
938 3516 971 3576 el
988 3508 1159 3596 Sadcleto,
1176 3519 1213 3585 ut

175 3632 307 3720 amicis,
324 3630 441 3723 parcit,
460 3651 602 3725 quornm
616 3629 859 3700 humanitatem
877 3629 1001 3718 laudat,
1016 3640 1049 3704 et
1062 3633 1212 3724 singula·

177 3773 248 3824 rem
274 3754 401 3846 ingenii
430 3752 607 3826 candorem
630 3752 665 3822 in
688 3750 857 3840 oratioue,
886 3754 1028 3826 velutin
1053 3757 1210 3847 speculo,

180 3874 408 3948 relucentem:
427 3877 489 3946 hcc
510 3884 621 3945 tamen
636 3873 767 3960 addito,
790 3874 977 3948 Sadcletum
994 3878 1176 3957 scilicetne
1194 3900 1213 3950 a

96 4101 99 4106 ¹
218 4119 256 4191 (l)
272 4121 382 4183 Erasm.
394 4125 486 4200 Epist.
504 4124 598 4192 basil,
616 4123 694 4182 1529.
