2950 4820
590 289 764 352 ..21-

162 428 228 498 cies
240 431 372 520 propria
387 433 420 500 et
432 420 576 500 diversa.
592 425 630 499 ln
643 429 748 519 prima
766 425 893 505 scilicet
911 423 1020 496 sabulo
1035 423 1188 515 quedam

160 547 394 640 agiturlepida
415 557 448 619 et
459 549 582 633 laceto,
597 545 763 619 nonnullis
782 545 919 618 Molierii
931 544 1013 618 locis
1026 541 1115 615 haud
1128 545 1190 614 iru-

157 691 238 762 par‚
253 669 346 762 cujus
364 679 475 762 partes
485 679 620 740 tuentur
635 679 702 740 tres
715 689 867 760 personae
882 689 889 737 :
905 666 982 738 hino
998 667 1190 760 Nesopoooo
1299 766 1301 772 ,

157 790 381 862 Ciceronianae
405 791 507 882 pestis
535 792 688 882 contagio
717 791 834 872 laesus3
862 789 941 860 inde
965 783 1189 882 Bclcpboros,

157 912 210 981 vir
233 913 314 983 recti
337 912 467 1003 iudicii,
492 911 592 1003 hujus
615 911 752 982 insaniae
776 931 896 982 censor
921 911 1188 1001 castigatorque3
1227 980 1229 983 ,

155 1033 365 1126 quenrjunta
379 1033 528 1126 sequitur
542 1051 657 1105 comes
668 1043 700 1104 et
711 1034 833 1118 socius,
850 1029 1064 1104 secundusilti
1076 1041 1190 1123 partes

154 1175 277 1246 agens,
294 1153 510 1250 prolopos,
537 1155 593 1247 qui
611 1154 767 1226 eumdem
789 1155 941 1226 morbum
967 1155 1136 1237 mentitur,
1153 1161 1191 1224 ut

154 1277 312 1368 exemplo
328 1297 388 1347 suo
403 1288 533 1368 postea,
547 1278 788 1346 communicata
807 1276 906 1346 etiam
922 1273 1096 1346 medicinae
1111 1293 1191 1344 eon-

154 1401 306 1491 tagione,
332 1401 374 1471 ad
391 1402 564 1472 sanitatem
581 1421 695 1471 secum
718 1402 856 1472 reducat
879 1397 1119 1491 Nosoponum:
1145 1395 1188 1468 ab

153 1521 207 1592 bis
221 1522 320 1612 igitur
333 1522 435 1592 tribus
453 1523 602 1614 personis
615 1523 736 1613 dialogi
750 1521 858 1593 nodus
871 1522 1059 1592 inchoatur.

205 1640 304 1733 Cujus
318 1643 353 1713 in
368 1645 548 1734 prooemio,
563 1644 700 1714 velutin
711 1642 905 1734 proscenio,
921 1652 995 1713 ante
1007 1651 1119 1714 nostra
1130 1663 1187 1714 oro

150 1763 336 1836 traducitur
345 1765 550 1836 Ciceroniani
564 1783 721 1857 persona,
731 1758 899 1835 nonnullis
910 1775 991 1834 sane
1004 1763 1189 1835 lineamen-

151 1886 199 1956 tis
212 1897 245 1956 et
264 1885 425 1958 coloribus
442 1887 586 1977 maligne
601 1885 712 1956 iucata
726 1894 759 1956 et
776 1883 978 1967 deformata,
993 1900 1094 1977 quam
1108 1905 1189 1955 sus-

151 2009 242 2079 tinet
255 2007 469 2098 Nosopouus,
487 2008 589 2078 homo
606 2007 773 2100 qnondam
788 1999 923 2096 hilaris,
944 2007 1114 2092 obesulus,
1130 2026 1188 2077 ru·

150 2126 357 2200 bicundulus
380 2137 413 2197 et
436 2127 591 2198 omnibus
619 2126 785 2219 leporibus
811 2135 962 2212 scatens,
993 2147 1082 2198 nuno
1106 2140 1187 2197 vero

150 2270 320 2340 morosus,
341 2251 537 2342 exsanguis,
555 2250 672 2342 pallido
686 2272 742 2321 ore
756 2250 949 2341 cavatisque
963 2249 1067 2320 oeulis
1083 2270 1091 2320 :
1107 2269 1185 2320 narn

149 2373 344 2443 miserrime
366 2373 535 2464 inexpleto
554 2372 712 2464 nympbae
732 2372 923 2464 cujusdam,
948 2365 1107 2442 Tullianae
1122 2371 1187 2442 soi-

149 2496 244 2576 licet,
266 2514 378 2564 amore
392 2494 610 2584 colliquescit.
630 2493 758 2578 Quibus
772 2505 885 2564 antem
898 2493 1084 2578 laboribus,
1106 2501 1186 2585 quot

148 2628 186 2690 et
200 2618 337 2708 quantis
359 2617 481 2707 vigiliis
506 2639 546 2687 ac
568 2615 873 2702 lucubrationibus,
896 2626 1074 2708 antequam
1097 2614 1186 2686 hanc

149 2738 283 2821 adiret,
313 2737 375 2807 sibi
399 2737 639 2828 proludendum
665 2737 786 2842 luerit3
809 2737 1008 2807 dinumerat.
1034 2735 1187 2827 Namque

147 2863 220 2956 jam
234 2880 342 2931 annos
358 2869 485 2951 septem
496 2868 582 2930 totos
594 2859 676 2931 nihil
692 2861 800 2951 attigit
815 2870 936 2960 praeter
952 2859 1186 2931 Ciceronianus

151 2984 277 3069 libros,
299 2981 461 3052 aceeteris
481 3003 547 3053 non
563 2983 678 3053 minori
700 2981 860 3072 religione
876 2990 1067 3072 temperans
1084 3000 1185 3076 quam

153 3104 365 3177 Cartbusiani
379 3113 596 3198 temperanta
612 3104 779 3176 carnibus.
796 3103 847 3174 En
858 3103 911 3174 his
924 3113 1035 3176 autern
1050 3121 1109 3197 per
1121 3106 1185 3176 hoc

152 3225 315 3317 temporis
330 3225 470 3315 spatium
483 3227 614 3296 assidua
627 3227 767 3297 lectione
783 3226 927 3317 plurima
941 3225 1121 3310 volumina,
1135 3225 1186 3296 lu·

151 3355 240 3416 turre
252 3343 424 3414 latinitatis
437 3365 507 3414 suae
521 3347 714 3435 materiam,
732 3346 897 3432 extraxit,
916 3367 990 3436 quae
1005 3345 1070 3415 duo
1089 3344 1185 3437 baiuli

151 3465 213 3536 vix
226 3473 322 3553 tergo
335 3472 504 3554 gestarent
518 3466 572 3534 vel
588 3467 691 3555 probe
706 3465 855 3537 clitellati
872 3484 880 3534 :
896 3465 985 3535 aliud
998 3465 1125 3538 scillcet
1142 3469 1184 3539 de

151 3586 307 3658 omnibus
325 3583 493 3655 Ciceronis
510 3587 658 3671 voculis,
685 3585 773 3656 aliud
800 3587 842 3656 de
865 3585 1004 3679 pedibus
1027 3616 1045 3651 α
1065 3590 1184 3684 quibus

151 3708 269 3800 incipit
286 3707 337 3780 vel
353 3707 425 3777 finit
440 3715 618 3791 commata,
636 3707 721 3789 cola,
736 3707 888 3798 periodos
907 3730 943 3792 o;
961 3709 1049 3781 aliud
1066 3713 1107 3782 de
1121 3735 1184 3784 va·
1215 3727 1220 3738 ·

149 3827 210 3898 riis
222 3829 341 3915 modis,
359 3829 477 3921 quibus
491 3830 592 3900 verba
606 3839 821 3921 usurpantur;
844 3831 930 3902 aliud
944 3833 985 3904 de
998 3834 1108 3905 verbis
1117 3835 1182 3905 de-

149 3950 273 4036 llexis,
297 3951 453 4022 derivatis
476 3961 509 4022 et
534 3951 735 4042 compositis.
765 3951 888 4026 Omnes
918 3955 1061 4047 denique
1084 3955 1181 4047 hujus

153 4070 351 4162 eloquentiae
364 4073 514 4144 llcsculos
529 4073 660 4163 collegit
675 4083 723 4162 ut,
744 4076 865 4165 quibus
883 4085 1008 4166 posset,
1030 4077 1111 4147 locis
1130 4077 1183 4145 in·
