2950 4820
730 312 906 375 ...242-

302 449 335 519 in
350 458 508 544 potestate
530 482 564 539 n,
582 461 616 520 et
631 451 734 520 multa
751 451 814 521 alia
834 461 1004 542 praeterea.
1028 447 1143 539 Neque
1163 467 1244 518 sane
1265 455 1345 516 tum

303 573 462 662 optimum
483 583 655 663 poetarum
674 572 773 642 luisse
792 594 867 643 oum
889 571 1092 642 exclamaret
1114 595 1122 636 ε

409 764 434 819 Ο
447 765 616 820 fortunatam
629 771 721 820 natam
734 781 778 820 me
789 765 903 820 consule
917 764 1050 822 Romam!

302 940 372 1010 Hac
394 962 473 1010 vero
494 941 639 1010 maxime
660 943 835 1012 soloecismi
868 940 1096 1010 criminatione
1123 939 1343 1010 atrocissima

302 1071 482 1153 tempestas
497 1064 530 1133 in
545 1063 717 1133 Erasmum
735 1075 849 1134 exorta
868 1073 930 1133 est.
947 1064 1062 1154 Neque
1076 1061 1210 1131 defuere
1232 1063 1344 1132 etiam

302 1185 359 1276 qui
379 1186 468 1256 huno
487 1187 652 1256 misellum
675 1208 830 1270 versum,
857 1187 951 1256 toties
967 1196 1000 1256 et
1015 1187 1087 1276 plus
1100 1207 1195 1276 aequo
1211 1186 1343 1255 decan-

302 1309 425 1396 tatum,
445 1317 482 1379 ut
492 1309 798 1399 praestantissimum
823 1319 856 1378 et
879 1309 1014 1378 auribus
1037 1308 1339 1398 jucundissimum,

302 1430 390 1500 tueri
412 1428 662 1500 contenderent.
690 1430 738 1498 De
763 1428 826 1499 boo
851 1439 962 1498 autem
987 1429 1070 1498 inira
1094 1429 1217 1498 dictum
1244 1431 1337 1498 erit:

302 1550 434 1620 interim
454 1551 690 1621 controversiae
709 1571 839 1619 summa
855 1559 1054 1620 resumatur.

353 1671 556 1763 Bulepborus
569 1672 683 1762 igitur,
695 1681 869 1762 postquam
883 1671 1054 1740 admonuit
1067 1693 1103 1741 se
1118 1670 1254 1762 quidem
1270 1693 1340 1740 non

303 1793 336 1862 in
349 1791 546 1864 Ciceronem
560 1794 683 1865 invidia
694 1795 855 1878 locutum,
868 1794 926 1864 sed
939 1793 1094 1883 magisne
1106 1794 1192 1863 male
1204 1803 1341 1863 nostros

303 1935 433 1984 amores
450 1916 666 1999 collocemus,
684 1927 730 2006 et,
751 1917 874 1987 ixionis
890 1919 1007 1999 instar,
1025 1915 1176 1985 adamata
1189 1915 1335 1998 lunone,

302 2033 398 2105 inane
422 2036 519 2106 nubis
538 2037 751 2107 simulacrum
780 2038 1033 2130 amplectamur,
1060 2037 1180 2129 quibus
1200 2037 1338 2106 tandem

303 2157 434 2249 legibus
453 2160 555 2249 proba
575 2168 609 2229 et
626 2182 723 2252 aequa
743 2171 871 2230 constet
895 2160 1052 2242 imitatio,
1073 2159 1215 2229 disserit.
1239 2159 1337 2228 Hanc

303 2280 428 2351 scilicet
451 2280 744 2364 dissimulandam,
765 2302 829 2350 uon
850 2301 928 2349 vero
947 2281 1193 2368 ostentandam,
1221 2301 1336 2372 neque

303 2403 337 2472 in
357 2403 481 2491 verbis,
498 2401 556 2472 sed
574 2402 608 2470 in
626 2403 726 2472 rebus
744 2402 950 2493 ponendam:
968 2423 1034 2471 non
1049 2403 1149 2492 igitur
1165 2401 1335 2472 reddenda

304 2535 432 2596 tanturn
466 2525 633 2595 Ciceronis
658 2525 886 2608 lineamenta,
930 2525 1103 2612 habiturn,
1147 2525 1333 2606 dictiones,

303 2671 419 2720 eorum
438 2649 673 2740 discipulorum
694 2671 785 2719 more
811 2650 865 2741 qui
889 2649 1038 2719 adductis
1050 2649 1197 2718 humeris
1216 2647 1336 2716 Plato-

302 2792 380 2843 nem
402 2781 461 2841 aut
482 2771 642 2842 subbalbe
658 2771 794 2841 dicendo
813 2771 1023 2840 Aristotelem
1044 2769 1247 2857 reserebant3
1273 2767 1334 2837 sed

303 2893 411 2982 magis
423 2914 554 2980 sensus,
572 2901 782 2982 argumenta,
800 2890 995 2972 sententias,
1014 2891 1158 2958 rationes
1171 2889 1331 2979 denique,

304 3012 423 3104 quibus
435 3013 598 3082 maximus
614 3019 723 3081 orator
737 3011 843 3079 lactus
857 3019 920 3096 est,
936 3012 1138 3101 recipienda,
1152 3012 1198 3080 ita
1214 3020 1250 3079 ut
1262 3011 1332 3101 ejus

302 3135 374 3224 ipse
398 3133 530 3201 animus
554 3132 586 3200 in
612 3131 732 3200 nostris
755 3128 884 3220 scriptis
910 3129 1035 3218 spirare
1059 3131 1223 3199 videatur.
1248 3129 1328 3198 lllud

303 3255 391 3326 enim
417 3252 566 3324 imitandi
597 3275 705 3345 genus
731 3251 918 3338 simiorum,
950 3251 1013 3320 boe
1043 3255 1121 3321 'vero
1151 3249 1327 3333 bominum,

301 3376 469 3468 proprium
490 3395 575 3444 esse.
604 3374 671 3443 Neo
696 3373 777 3442 satis
809 3372 941 3464 quidem
969 3373 1042 3441 lieri
1067 3373 1095 3441 si
1123 3374 1220 3442 modo
1243 3369 1329 3440 inani

302 3499 479 3567 verborum
495 3505 655 3567 concentu
668 3494 875 3564 audientium
888 3514 983 3563 aures
999 3503 1202 3563 recreentur.
1222 3523 1234 3552 o
1256 3493 1329 3560 l'lu-

300 3618 422 3687 rimum
448 3620 555 3699 enim,
580 3617 686 3706 inquit
703 3610 772 3709 (i),
799 3615 936 3684 interest
962 3614 1047 3682 inter
1073 3615 1267 3684 histrionem
1296 3621 1328 3681 et

301 3747 482 3809 oratorem.
507 3737 555 3805 llli
574 3737 757 3807 delectasse
783 3735 862 3806 satis
881 3745 951 3821 est,
975 3734 1031 3802 bic
1052 3736 1148 3802 etiam
1170 3735 1327 3826 prodesse

300 3860 433 3941 studet,
450 3859 478 3926 si
497 3857 593 3925 ruodo
611 3857 784 3925 virbonus
802 3865 863 3924 est.
886 3885 899 3915 o

300 4014 1324 4042 ---——--—·-----·--—-·-···—----—-·--·

336 4118 372 4187 (u
385 4117 442 4174 cre.
458 4115 530 4171 urar.
