2950 4820
459 285 462 292 ’
615 327 658 340 -
681 289 724 358 dt
748 325 791 338 -·

186 454 250 528 que
269 451 348 505 sane
367 431 439 502 baec
456 439 548 502 tauta
565 430 655 503 circa
677 428 790 522 magui
808 429 947 500 oratoris
967 429 1086 502 lamam
1104 443 1212 506 certa-

185 552 277 622 mina
298 550 368 622 sine
387 549 494 621 lructu
523 557 740 620 evanuemut.
766 547 894 640 Quippe
916 547 1213 642 interim,praeter

185 667 267 744 istos
283 673 411 744 rinosos
429 681 463 744 et
481 692 651 763 pugnaces
672 669 818 754 libellos,
840 669 1049 742 tumultuaria
1071 675 1212 762 plemm-

186 816 251 888 que
266 795 441 887 0puscula,
457 791 612 863 nonnulla
629 812 761 883 quoquc
780 791 925 881 placida,
943 792 1121 886 diligenter
1140 798 1213 866 ela-

184 915 302 988 borata
315 937 354 987 ac
368 936 447 986 vere
458 913 568 984 studio
588 911 687 1002 digua
704 931 871 983 emersere
888 915 1070 1005 volumina,
1091 914 1213 1009 quibus

98 1101 103 1112 .
186 1033 356 1107 Ciceronis
373 1045 407 1106 et
421 1033 592 1106 latinitatis
617 1032 719 1105 decus
738 1032 937 1128 fortunaque
959 1037 1082 1126 tutius,
1109 1058 1211 1130 quam

185 1156 370 1250 lymphatis
383 1154 688 1240 declamationibus,
705 1154 941 1227 stabilirentur.

234 1280 284 1352 lta
304 1279 448 1353 Nizolius
469 1276 519 1373 (l)
539 1277 783 1352 Ciceronianam
801 1287 997 1374 apparatam
1013 1289 1045 1350 ct
1060 1279 1094 1350 in
1119 1281 1213 1354 Cice-

187 1407 298 1471 ronem
308 1399 561 1487 obseruationem
578 1401 741 1474 Rcbertus
756 1412 868 1475 autem
884 1400 1075 1495 Stephanus
1088 1403 1213 1476 Latini-

188 1519 265 1604 tatis
279 1518 469 1594 tbcaoorem
483 1523 601 1595 edebat
614 1519 680 1620 (2).
698 1523 766 1595 Sub
784 1523 903 1595 iisdem
912 1524 1115 1616 temporibus
1131 1525 1214 1597 Pau·
1239 1513 1243 1522 ’

187 1641 239 1713 lus
255 1642 419 1716 Manutius
433 1647 480 1716 ita
493 1646 661 1739 locuplete
678 1647 994 1719 commentariorum
1010 1649 1105 1738 eopia
1117 1648 1212 1720 Cice·

131 1755 136 1768 ’
185 1785 303 1836 renem
320 1767 515 1856 illustrabat,
532 1780 570 1840 ut
580 1769 697 1860 vulg‘o,
716 1779 801 1840 teste
813 1767 959 1854 Murem,
971 1777 1083 1841 ulrum
1100 1769 1213 1842 blanu-

186 1887 254 1959 tius
267 1887 309 1959 de
324 1887 448 1976 Tullio,
464 1910 507 1960 an
521 1890 646 1961 Tullius
658 1890 700 1962 de
714 1891 856 1963 blanutio
873 1891 991 1962 melius
1009 1892 1147 1962 meritus
1160 1914 1215 1964 es·

187 2021 260 2099 set,
291 2012 529 2103 ambigeretur.
562 2011 633 2084 Hoc
663 2013 722 2084 luit
744 2014 886 2105 primum
903 2014 991 2085 illius
1010 2013 1215 2092 ciceroniani

185 2132 263 2204 belli
278 2134 494 2221 curriculum,
509 2133 681 2206 discordiis
694 2143 802 2218 atrox,
818 2135 1017 2208 clamoribus
1028 2135 1209 2224 dissonum,

185 2257 287 2327 rebus
309 2256 389 2348 ipsis
412 2257 509 2328 inane
526 2259 650 2350 saepius
672 2267 727 2328 aut
745 2257 813 2328 risu
837 2257 994 2350 dignum,
1016 2279 1079 2330 uec
1103 2268 1215 2330 tamen

186 2378 322 2448 omnino
332 2379 499 2470 ingratum
514 2388 548 2450 et
561 2381 702 2467 irritum,
712 2379 869 2472 quoniam
885 2379 962 2450 inde
975 2381 1120 2473 ingenua
1130 2403 1215 2473 quu-

189 2520 254 2590 que
273 2499 381 2569 studia
394 2521 560 2572 exarsere.

188 2773 254 2814 cum
267 2758 336 2832 quid
346 2759 468 2816 scribere
481 2759 624 2832 ingressus
635 2760 683 2828 sis,
694 2759 728 2817 de
739 2760 857 2832 singulis
869 2761 977 2819 voculis
991 2761 1135 2819 Nizolium
1147 2775 1218 2817 con-

186 2843 295 2900 suleret

110 2975 112 2979 .
222 2924 327 2992 «Quid
348 2933 380 2984 tu
399 2926 498 3000 igitur,
519 2926 639 3002 inquies,
661 2945 695 2986 er
721 2928 853 2986 omnibus
874 2928 996 3002 reliquls
1015 2927 1212 3002 scriptoribus,

185 3009 265 3064 nullo
284 3009 460 3078 discrimine,
479 3010 563 3066 verba
584 3011 687 3084 quibus
696 3016 775 3067 utare
791 3012 958 3084 depromes?
976 3011 1036 3070 lmu
1052 3029 1116 3068 sero
1134 3013 1215 3068 adbi-

185 3091 258 3151 bebu
267 3094 419 3164 judicium,
432 3095 542 3152 habebo
551 3095 701 3160 delectum,
714 3101 742 3152 et
751 3111 816 3152 cum
823 3112 859 3151 ex
870 3094 905 3151 iis
913 3095 1092 3168 potissimum
1105 3096 1153 3169 qui
1166 3113 1214 3152 an-

184 3175 323 3250 tiquitatis
335 3194 446 3252 quoque
456 3177 511 3251 ipsi
525 3176 665 3250 principes
676 3179 728 3235 visi
739 3186 814 3244 sunt,
830 3177 973 3246 Cicerone,
985 3178 1099 3243 Cesare,
1113 3178 1216 3247 Tereu-

185 3259 235 3324 tio,
249 3260 322 3328 aliis,
335 3278 420 3334 quam
439 3261 563 3335 plurima
577 3278 738 3336 sumpser03
755 3263 967 3319 remorationis
985 3279 1052 3319 meae
1069 3276 1159 3333 genus
1179 3262 1216 3318 ad

185 3357 284 3399 corum
309 3345 462 3416 exemplar,
486 3360 571 3417 quam
592 3345 714 3402 maxime
734 3352 862 3418 potuero,
884 3343 1077 3408 conformare,
1105 3358 1139 3397 ex
1155 3341 1218 3399 aliis

185 3442 298 3501 quoque
307 3426 493 3484 bellissimum
506 3429 638 3503 quodque
654 3445 784 3502 carpam;
798 3433 826 3484 et
837 3443 894 3500 quo
905 3425 1023 3499 quisque
1035 3424 1158 3504 maxime
1168 3441 1216 3482 ex-

185 3511 313 3570 celluisse
330 3510 481 3578 ridebitur,
497 3511 528 3568 id
540 3512 645 3569 imitari
663 3524 745 3586 atque
757 3510 914 3583 exprimere
923 3509 1067 3567 conabor:
1086 3527 1176 3584 neque
1185 3509 1216 3567 in

74 3635 86 3658 .
183 3595 219 3653 iis
232 3586 330 3663 modo,
344 3610 414 3669 quos
426 3595 509 3667 paula
521 3600 586 3650 ante
599 3593 762 3662 memorari,
779 3592 867 3650 sedin
881 3592 1060 3661 Tertulliano,
1073 3593 1213 3662 Arnobio,

183 3678 370 3752 Hieronymo,
381 3675 553 3750 Augustino,
567 3677 731 3745 Ambrosio,
743 3684 788 3744 et,
803 3677 880 3750 quod
895 3675 984 3748 magis
998 3675 1119 3746 mireris,
1132 3676 1215 3749 Apu·

184 3763 250 3830 leia,
274 3760 446 3828 Cassiuduro,
468 3761 609 3820 Martiano
626 3761 719 3820 etiam·
732 3768 760 3819 et
783 3760 898 3819 Sidonio
928 3761 1104 3836 Apollinari,
1123 3764 1214 3824 multa

184 3846 334 3918 reperiam,
345 3845 449 3920 quibus
469 3860 519 3902 suo
535 3845 706 3921 locopositis
721 3845 809 3904 oratio
822 3845 935 3904 uberior
954 3849 982 3903 et
995 3845 1215 3904 erudierim.»

185 3927 264 3996 (Var.
279 3929 367 3998 beet,
378 3929 430 3987 lib.
442 3946 490 3998 xv,
503 3946 528 3987 c.
539 3931 572 4000 ι.)

220 4010 257 4082 (1)
271 4011 350 4070 1535.

220 4095 257 4168 (2)
269 4095 347 4155 1536.
