2950 4820
576 344 752 407 ..w-.-

153 511 228 583 quac
249 497 460 580 suppeteret,
482 485 656 570 Latinam,
675 506 739 556 non
760 494 796 555 nt
809 486 1009 554 exstinetam
1025 494 1179 555 etemor·

153 623 268 694 tuam,
288 611 345 680 sed
362 618 398 679 ut
414 617 567 700 vegetam
583 608 692 678 adbuc
710 617 743 676 et
758 607 1016 698 pubescentem,
1037 607 1182 698 ideoque

154 734 346 804 mutandam
360 755 398 802 ac
416 732 602 819 ditandam,
617 738 803 820 acceperat.
822 729 857 798 ln
872 729 935 799 hac
953 750 1033 798 vero
1049 729 1183 821 pericu-

154 857 225 927 losa
240 833 383 925 novandi
399 855 454 921 via
467 857 630 944 quatenus
651 851 789 942 impune
803 850 956 941 progredi
970 851 1084 921 liceret
1102 853 1184 921 satis

155 978 290 1069 quidem
309 976 466 1046 docuerat
484 972 678 1042 scholastica
692 972 876 1043 barbaries
893 973 1014 1065 Maiore
1026 982 1116 1044 certe
1130 952 1189 1044 dess

157 1099 312 1170 trimento
339 1118 438 1187 quam
463 1095 568 1165 lructu
592 1115 646 1163 res
672 1094 794 1184 saepius
817 1095 990 1184 agebatur.
1016 1093 1101 1183 Sed,
1121 1094 1185 1164 hoc

158 1232 254 1292 entra
273 1219 536 1290 controversiam
556 1218 681 1308 posito,
700 1217 870 1286 latendum
896 1226 947 1286 est
967 1225 1079 1286 tamen
1101 1217 1185 1288 bano

156 1345 385 1415 Erasmianam
410 1343 640 1412 latinitatatem
667 1341 778 1411 nescio
802 1341 880 1432 quid
899 1340 1040 1412 vividius
1059 1343 1186 1432 spirare

53 1457 55 1463 ’
159 1486 256 1556 quam
279 1465 350 1533 illas
369 1466 484 1532 inanes
511 1472 545 1532 et
568 1463 668 1553 longe
691 1461 850 1552 quaesitas
865 1459 1010 1552 Longolii
1040 1472 1187 1533 caetero-
1297 1551 1300 1558 .

158 1606 298 1675 rumque
319 1584 498 1653 munditias
520 1607 527 1648 :
549 1583 630 1652 adeo
659 1594 734 1673 apte
763 1583 873 1652 dicere
892 1583 1089 1673 eloquentiae
1109 1604 1187 1675 pro-

155 1705 263 1794 prium
282 1714 343 1774 est.

204 1822 247 1892 X.
269 1867 316 1877 —
330 1825 388 1892 His
398 1827 498 1914 igitur
522 1824 675 1892 omnibus
689 1825 799 1894 causis
822 1833 1005 1914 permotus,
1030 1825 1188 1896 Erasmus

157 1945 409 2015 Ciceronianum
437 1945 619 2036 dialogum,
645 1965 822 2034 quosnam
850 1946 947 2014 simul
973 1957 1006 2016 et
1029 1946 1189 2017 libertatis

157 2092 291 2140 oausam
305 2079 438 2161 ageret,
459 2069 644 2162 composuit
662 2068 727 2164 (l).
745 2071 815 2154 Quo
827 2072 961 2162 quidem
979 2074 1011 2142 in
1029 2073 1188 2168 opusculo

64 2264 66 2269 ,
158 2191 372 2282 lepidissimis
387 2192 512 2282 ingenii
532 2192 731 2262 lascivientis
755 2191 877 2262 salibus
892 2201 926 2262 et
939 2193 1020 2284 jocis
1035 2193 1185 2275 condito,

156 2314 260 2384 multa
279 2336 409 2405 quoque
424 2315 508 2384 seria
527 2323 561 2384 et
579 2316 664 2383 mira
674 2314 787 2405 judicii
805 2315 987 2405 sagacitate
1010 2337 1187 2407 expressa,

154 2437 208 2505 vel
222 2437 262 2504 de
275 2435 701 2538 antiquorum-Imitatioue,
715 2438 769 2506 vel
781 2437 822 2506 de
836 2435 988 2506 Oratoria
1003 2439 1094 2523 Arte,
1105 2460 1189 2528 prae-

158 2568 275 2648 cepta,
292 2557 403 2649 qualia
421 2558 546 2628 Fenelo
569 2567 683 2647 postea
698 2558 894 2648 descripsit,
919 2558 1185 2630 continebantur.

158 2679 242 2748 lllud
256 2689 367 2750 autem
383 2679 498 2749 loanni
511 2680 663 2763 Ulateno,
678 2681 730 2748 eui
741 2680 809 2770 jam
822 2689 918 2749 antea
930 2679 1189 2750 Tusculanarum

157 2801 377 2894 quaestionum
391 2802 569 2871 editionem
579 2801 753 2884 obtulerat,
771 2811 932 2892 tanquam
950 2801 1097 2892 eiusdem
1116 2805 1191 2895 pie-

158 2923 236 2991 tatis
259 2931 392 3007 tenore,
421 2945 484 2993 neo
510 2924 581 2993 siue
605 2920 758 3006 consilio,
781 2921 958 2993 dedicavit.
984 2923 1137 3015 Namque·
1154 2925 1189 2996 in

157 3043 350 3115 Praelatione
368 3041 418 3139 (ἢ)
437 3044 636 3114 admonebat
653 3043 715 3113 sibi
730 3064 796 3112 non
816 3043 904 3114 hano
923 3053 1070 3114 mentcm
1088 3045 1191 3116 luisse

158 3178 196 3238 ut
210 3170 407 3260 eloquentia
422 3169 618 3239 candidatos
635 3190 653 3237 a
669 3151 836 3238 Ciceronis
848 3168 1030 3238 imitatione
1046 3169 1191 3240 deterre·
1299 3171 1303 3178 '

158 3299 232 3374 ret,
250 3291 331 3360 nibil
345 3292 432 3360 enirn
443 3293 590 3361 insanius
603 3291 670 3359 lore
687 3313 696 3372 ;
714 3291 771 3359 sed
788 3300 915 3360 tanturn
930 3298 966 3359 ut
980 3291 1061 3360 istos
1076 3293 1190 3381 magni

159 3411 309 3482 Oratoris
327 3413 457 3498 simios,
479 3414 534 3502 qui
555 3413 667 3504 inepta
685 3413 749 3481 stili
766 3413 973 3482 affectatione
992 3413 1063 3502 eius
1082 3413 1189 3484 linca-

160 3546 293 3621 menta,
313 3556 376 3606 nec
393 3557 475 3604 vero
488 3536 650 3620 animum,
668 3536 791 3604 relerre
813 3535 1003 3627 studerent;
1024 3558 1060 3608 sc
1077 3549 1191 3611 contra

197 3808 235 3877 (l)
250 3807 285 3863 ll
297 3808 351 3863 leb.
369 3805 448 3862 1528.

144 3955 148 3964 ,
198 3894 234 3960 (b)
247 3915 260 3942 u
269 3893 301 3947 ln
315 3889 567 3947 Ciceronianomeo
579 3903 633 3942 non
645 3884 850 3942 damnostilnm
860 3884 1011 3956 Ciceronis,
1024 3891 1068 3946 cui
1080 3899 1190 3949 lantum

161 3979 243 4030 trtbut
257 3991 365 4043 semper,
381 3981 413 4028 ut
425 3973 489 4028 buic
504 3970 609 4027 admoti
623 3969 712 4026 eaeteri
726 3969 880 4041 quamlibet
896 3971 1057 4042 eloquentes
1066 3975 1136 4029 mibi
1154 3975 1193 4030 ri·

161 4061 295 4115 darentur
308 4059 509 4124 obmutescere,
522 4057 569 4112 sed
583 4057 705 4128 ineptam
719 4053 920 4110 adeetationem
930 4054 1117 4114 Ciceroniana
1130 4057 1192 4116 dic-

162 4137 256 4208 tionis.
267 4162 282 4190 u
296 4141 415 4209 (Erasm.
431 4140 532 4212 Epist,
549 4138 644 4206 basil,
658 4139 670 4193 l
682 4145 750 4211 sept.
768 4137 859 4205 1528.)
