2950 4820
565 271 738 332 ..17..

142 425 295 498 agerque
315 427 353 475 ao
370 405 490 486 lessus
508 405 579 495 jam
591 405 812 476 barbarorum
829 407 941 496 spoliis
957 407 1166 494 nobilitaluS,

117 526 119 530 ’
143 530 213 598 baec
232 549 318 599 nova
333 529 478 620 suscepit
499 527 681 618 stipendia,
708 547 775 596 non
801 527 871 598 sine
897 537 1008 598 tamen
1028 530 1169 620 quodam

141 652 241 722 animi
264 671 408 741 angore,
436 652 527 742 quasi
551 651 676 720 invitus
694 671 791 719 suum
815 660 913 740 caput
936 650 1114 720 inimicitiis
1133 673 1172 722 ao

141 772 296 864 periculis
311 773 430 842 iterum
458 773 648 863 objectaret.
666 769 830 862 Namque,
851 781 1025 862 postquam
1045 793 1081 840 se
1096 793 1171 842 oum

143 903 257 962 vetere
283 893 337 962 illo
356 894 486 984 Virgilii
504 893 634 962 Entello
659 893 861 981 comparavit
879 919 886 960 :
904 922 922 956 a
938 898 1091 978 Erosmo,
1107 915 1171 964 ex-

143 1017 279 1100 clamat,
306 1015 340 1086 in
358 1037 459 1086 urano
477 1011 679 1086 moriendum
693 1011 761 1108 (l).
784 1042 798 1076 n
821 1015 920 1098 Quasi
938 1012 1016 1084 vero
1029 1037 1096 1086 non
1111 1035 1175 1086 sa-

146 1139 187 1209 tis
202 1148 290 1209 esset
307 1149 377 1208 tum
397 1138 494 1206 Bedae
512 1147 545 1206 et
567 1135 730 1214 Aleandri
752 1136 928 1222 invidiam,
952 1150 1021 1208 tum
1038 1137 1175 1208 Lutheri

147 1271 180 1333 et
195 1259 434 1350 OEcnlampadi
452 1259 594 1340 lurores,
618 1268 685 1328 tum
702 1258 914 1348 imperiosam
928 1261 1084 1352 Sorbonae
1098 1281 1176 1330 auo-

149 1380 333 1457 toritatem,
349 1389 417 1448 tum
433 1387 555 1448 sanctae
567 1378 738 1448 Cathedrae
753 1380 823 1470 ipsa
838 1380 976 1450 fulmina
990 1381 1024 1451 in
1040 1403 1076 1450 se
1089 1401 1177 1450 oon-

150 1501 285 1586 eilasse,
316 1508 428 1568 eontra
459 1500 555 1590 hujus
578 1520 673 1570 novae
692 1501 842 1570 factionis
861 1501 975 1592 copias
1005 1499 1177 1602 etiam‘illi

149 1631 219 1690 erat
235 1621 483 1694 decertandum.
505 1649 520 1684 o
543 1621 626 1692 Cum
654 1623 765 1692 multis
781 1622 928 1692 excetris
944 1623 1024 1692 mihi
1038 1644 1091 1692 res
1109 1630 1174 1706 est,

149 1751 184 1812 ut
201 1743 341 1812 Andreae
367 1744 492 1814 alciato
517 1745 704 1830 scribebat,
730 1745 848 1813 lethale
864 1744 957 1812 virus
973 1745 1179 1828 elllantibuS,

149 1883 214 1930 non
231 1865 394 1954 septenis,
423 1864 480 1934 sed
497 1865 620 1952 septies
643 1865 782 1934 millenis
802 1864 966 1954 capitibus
977 1860 1045 1957 (2)
1063 1891 1080 1926 ³>
1099 1864 1178 1950 Sed,

150 1983 230 2052 dum
245 1984 317 2054 haee
333 1987 444 2054 omnia
460 2004 576 2056 secum
605 1987 777 2068 volvebat,
791 1986 859 2077 jam
882 1984 955 2056 oleo
967 1985 1064 2079 jacto
1084 1994 1157 2054 arat
1169 2009 1183 2055 :

150 2107 292 2197 quippe,
321 2117 357 2176 nt
378 2109 477 2177 istum
501 2109 640 2178 alterum
660 2110 864 2180 Rubiconem
881 2109 1048 2198 transiret,
1074 2107 1185 2178 multae

152 2250 263 2298 causae
278 2229 466 2300 incitabant.

202 2349 312 2418 Primo
328 2350 455 2422 seilicet
472 2335 597 2443 proprii
614 2353 754 2422 nominis
772 2373 865 2438 cura,

385 2531 545 2603 spretaeque
558 2532 659 2602 injuria
673 2533 785 2597 lormae,

155 2702 231 2752 cum
244 2681 320 2770 ipse
333 2682 373 2750 ab
390 2678 471 2750 ltnlo
489 2683 631 2771 quodam
647 2682 729 2750 Lilio
746 2681 878 2752 Giraldo
903 2681 1118 2752 Germanicus
1134 2683 1190 2751 in-

156 2815 207 2873 ter
223 2803 355 2872 Latinos
375 2803 518 2894 maligne
533 2804 642 2874 dictus
659 2811 759 2872 esset.
782 2802 946 2873 Praeterea
966 2805 1127 2875 suadebat
1142 2804 1189 2874 in-

158 2926 241 2995 situs
266 2903 428 2997 libertatis
451 2947 543 2995 amor
570 2936 605 2995 ut
628 2935 838 3018 grassantem
860 2928 957 2996 istam
982 2927 1191 3018 tyrannidem

158 3049 369 3138 reprimeret.
387 3049 459 3140 lpse
474 3050 564 3118 huno
582 3071 698 3132 usum,
717 3050 917 3141 aplerisque
935 3051 1040 3122 doctis
1054 3049 1193 3141 adopta·

161 3177 251 3252 tum,
272 3180 307 3240 ut
324 3171 434 3240 idibus
457 3179 490 3240 et
507 3171 658 3240 kalendis
673 3192 749 3256 suas
767 3171 923 3262 epistolas
935 3181 1108 3256 notarent,
1128 3191 1194 3240 non

162 3301 295 3359 seculus
307 3292 426 3360 luerat.
445 3289 562 3384 Neque
577 3294 661 3362 inter
677 3315 734 3362 eas
749 3293 917 3382 angustias
932 3292 1077 3362 coerceri
1092 3294 1195 3361 bonas

163 3419 251 3480 artes
278 3433 376 3502 aequo
408 3411 520 3481 animo
539 3414 722 3496 tolerabat,
749 3411 802 3480 ille
823 3412 899 3502 qui,
923 3411 1062 3481 Cornelii
1093 3413 1196 3483 nostri

164 3534 285 3618 instar,
304 3533 402 3624 hujus
425 3534 572 3625 antiquae
599 3535 683 3624 legis
708 3534 869 3603 beneficio
895 3533 1056 3603 utendum
1079 3557 1198 3606 cense-

174 3658 230 3728 bat
255 3680 261 3727 :
284 3687 297 3720 α
318 3655 559 3752 Rostrinpanolo
578 3656 666 3740 odia,
696 3654 1058 3751 favorasampliooolos.
1078 3659 1198 3732 »Cum

170 3788 281 3848 autem
311 3781 381 3870 ipse
411 3801 491 3870 erga
524 3788 663 3849 caeteras
689 3788 808 3868 gentes
827 3775 911 3848 albot
938 3778 1078 3851 amussis
1093 3780 1199 3850 officio

209 3999 245 4068 (l)
260 4000 369 4056 Erasm.
384 4001 473 4074 Epist.
491 4003 640 4061 Francisco
653 4004 795 4076 Vorgarae.
812 4034 844 4044 -
859 4003 956 4071 Besit,
970 4003 1005 4060 13
1019 4009 1073 4061 oet.
1089 4001 1168 4058 1527.

209 4083 246 4152 (9)
261 4081 356 4152 Basil,
372 4085 406 4141 16
417 4095 487 4160 sept.
500 4086 578 4144 1528.

1084 4185 1101 4240 2
