2950 4820
336 1546 456 1630 QUEM
475 1547 639 1619 EXITUM
655 1547 827 1619 BELLUM
844 1547 1069 1620 HABUERIT.

634 1782 766 1799 m

239 2003 361 2075 xxxi.
379 2004 537 2077 -Nunc
552 2007 675 2078 resedit
691 2011 800 2078 omnis
817 2007 913 2076 istius
936 2005 1013 2076 belii
1038 2006 1089 2076 vis
1108 2026 1149 2077 oc
1168 2015 1222 2077 tu·

193 2126 339 2212 muitus;
356 2125 489 2197 silentio
502 2137 536 2199 et
547 2127 711 2198 oblivione
724 2128 827 2199 latent
840 2125 1048 2199 Ciceroniani
1074 2135 1109 2198 et
1128 2125 1223 2197 Cice-

193 2248 405 2317 ronionorum
422 2269 534 2340 opera.
556 2248 628 2319 ntia
640 2249 726 2320 enim
749 2249 872 2338 studia,
891 2247 966 2320 uliae
982 2247 1221 2330 aemuiotiones‚

193 2368 258 2438 alia
272 2371 453 2440 certamina
464 2370 498 2439 iu
511 2370 564 2440 his
578 2371 676 2442 terris
689 2382 819 2442 nostros
831 2372 960 2443 animos
972 2372 1139 2442 invasere.
1157 2370 1223 2442 Nos

193 2489 291 2559 etiam
305 2491 375 2560 fere
386 2489 482 2581 sugit,
497 2512 564 2582 qua
576 2493 759 2580 pertinacia
771 2493 875 2565 animi
884 2495 938 2565 vel
952 2494 1009 2565 otii
1019 2491 1153 2566 luxurio
1163 2511 1224 2583 per

189 2622 326 2683 centum
342 2633 461 2698 onnus,
479 2613 564 2684 inter
582 2623 631 2685 tot
645 2614 760 2685 civiles
780 2618 909 2702 turbas,
934 2616 1022 2686 hanc
1040 2616 1132 2686 litem
1150 2633 1223 2704 pro·

190 2733 314 2804 ducere
331 2733 483 2804 homines
503 2735 734 2806 sustinuerint.
755 2734 884 2830 Cuique
899 2756 980 2807 vero
994 2736 1082 2806 retati
1097 2755 1159 2807 suo
1173 2743 1224 2804 est

190 2854 311 2939 libido,
338 2876 501 2948 suumque
527 2857 681 2929 delirium
710 2884 718 2927 :
746 2858 828 2930 felix
854 2859 1010 2952 quidem,
1042 2877 1120 2929 cum
1148 2856 1222 2929 sine

191 2998 306 3049 cruore
322 2987 355 3050 et
371 2979 677 3078 proscriptionibus,
697 2982 831 3054 innoxio
850 2992 979 3055 tontum
1000 2990 1036 3054 et
1052 3001 1222 3073 supervo·

192 3120 294 3173 cuneo
316 3101 521 3175 voluminum
543 3105 692 3198 pondere
711 3105 914 3178 exsolvitur!
938 3106 994 3177 Sic
1013 3104 1131 3190 multa,
1149 3127 1224 3198 quoe

192 3223 279 3312 opud
304 3244 366 3293 nos
385 3225 541 3316 viguere,
561 3227 649 3317 apud
671 3236 823 3318 posteros
837 3250 898 3320 pro
917 3228 1021 3298 nihilo
1037 3237 1146 3313 erunt,
1169 3227 1224 3296 iis·

193 3340 270 3411 dem
284 3341 484 3433 judiciorum
499 3346 627 3416 vicibus
640 3367 680 3417 ec
696 3347 936 3435 conversione3
968 3347 1074 3417 multa
1090 3364 1224 3437 quoque

191 3473 315 3536 nostroe
337 3466 447 3537 aetotis
464 3467 623 3572 naufraga
645 3468 814 3539 volumina
831 3469 867 3539 in
885 3478 1048 3540 oeternum
1068 3487 1223 3538 somnum

192 3586 361 3679 excipient
373 3607 571 3658 musoeorum
584 3587 738 3681 hospitia.
753 3589 802 3661 Ne
816 3590 930 3683 igitur,
949 3586 1035 3659 male
1049 3588 1094 3680 pii
1108 3589 1225 3660 nostri-

191 3731 256 3801 que
270 3710 497 3793 immemores,
516 3708 605 3781 istud
622 3709 804 3782 clamosum
820 3720 855 3784 et
876 3711 1001 3804 saepius
1019 3710 1117 3783 inane
1132 3712 1223 3784 Cice-

192 3832 406 3904 ronionorum
425 3832 549 3904 beilum
566 3831 668 3903 nimio
695 3833 766 3904 risu
779 3834 976 3928 fastidioque
994 3835 1220 3927 negligamus.

191 3953 319 4046 Quippe
336 3955 426 4048 quod
448 3977 514 4026 non
529 3955 648 4028 frustra
665 3956 862 4050 eloquentiae
876 3969 909 4028 et
924 3958 1041 4029 litteris
1061 3957 1221 4048 absump-

193 4083 263 4146 tum
278 4077 414 4149 omnino
429 4078 499 4150 sine
512 4077 618 4151 iructu
635 4080 820 4152 evanuerit.
838 4080 888 4152 Ex
906 4081 969 4153 hoc
983 4069 1072 4153 enim
1089 4078 1222 4152 dissono
