2950 4820
727 295 880 360 ..2-

291 435 332 507 tia
342 437 670 528 arguerat‚omninm
683 435 858 506 illustrium
872 437 1018 506 virorum
1030 437 1223 524 insectator,
1236 439 1317 511 Ver-

290 541 336 628 ris
349 579 470 648 praeeo,
482 579 521 630 ec
534 557 643 628 Zoilus
655 556 821 630 Ciceronis
836 555 902 654 (l).
921 557 1097 649 Adjiciatur
1112 559 1225 648 etium,
1246 583 1313 632 me·

290 680 402 750 moriae
415 699 530 762 causa,
548 677 678 749 Cestius
691 679 840 770 quidam,
853 679 937 749 alius
950 679 1106 749 Tullianae
1116 680 1316 772 eloquentiae

290 802 498 884 criminator,
530 821 628 893 quern
654 801 750 871 Tullii
781 801 866 872 filius
888 801 921 870 in
944 799 1040 892 Syria
1058 811 1234 893 praeturam
1254 825 1314 896 ge-

288 1046 461 1116 verberum
478 1067 628 1128 munere,
643 1045 858 1116 satisfaceret.
875 1045 934 1115 His
944 1044 1043 1138 igitur
1055 1049 1212 1140 auspiciis
1226 1049 1315 1120 circa

289 1170 368 1239 tanti
383 1169 443 1237 viri
458 1168 578 1238 lamam
595 1168 701 1259 prima
715 1168 950 1246 discordiarum
965 1171 1092 1250 semina
1108 1191 1262 1261 erupere.

336 1291 376 1360 ll.
396 1289 575 1382 -Neque
594 1271 781 1360 labentibus
802 1295 898 1361 annis
920 1291 994 1361 odia
1019 1293 1233 1374 resederunt,
1254 1293 1313 1366 sed

287 1424 401 1484 contra
424 1414 495 1482 visa
515 1421 594 1482 sunt
613 1411 828 1501 crudescere,
853 1413 1029 1503 adjuvante
1052 1414 1131 1484 hino
1156 1414 1313 1488 Tullianae
1360 1497 1364 1506 ‚

287 1535 394 1607 laudis
420 1537 607 1619 lautorum,
639 1535 729 1606 illinc
756 1536 965 1606 inimicorum
993 1538 1198 1629 impotentia.
1232 1539 1313 1610 Μοιι

286 1659 386 1730 etiam
400 1659 493 1748 signa
511 1679 646 1728 movere
661 1653 798 1730 Asinius
816 1658 940 1745 Gallus,
955 1660 1067 1751 bujns,
1078 1661 1119 1732 de
1135 1681 1203 1753 quo
1217 1661 1312 1732 dixi-

288 1802 383 1864 mus,
410 1781 562 1852 Pollionis
583 1779 689 1864 lilius,
711 1789 855 1870 paternas
871 1781 979 1852 haeres
1000 1782 1133 1854 invidiae
1153 1783 1253 1854 simul
1275 1804 1313 1856 ac

286 1903 480 1996 protervia,
504 1911 538 1973 et
554 1901 697 1971 licinius
714 1901 861 1992 Largus,
881 1901 965 1972 acidi
985 1911 1100 1974 auctor
1116 1903 1238 1990 libelli,
1258 1906 1312 1976 oui

285 2029 400 2102 titulus
420 2038 491 2099 erat
504 2023 752 2109 Ciceromastix,
768 2025 858 2094 velut
870 2033 1018 2116 accepte
1031 2047 1050 2094 a
1065 2025 1175 2096 Cestio
1187 2025 1312 2118 injurie

285 2152 469 2242 piaculum.
491 2150 559 2222 Hoc
575 2166 653 2220 vero
666 2148 852 2238 flagellum,
868 2169 933 2239 quo
947 2146 1115 2220 Ciceronis
1132 2149 1310 2239 imaginem

285 2295 327 2343 ac
343 2271 539 2344 memoriam
557 2271 603 2340 illi
620 2269 848 2352 lacessebant,
873 2278 988 2360 postea
1009 2272 1187 2362 resumpsit
1208 2271 1311 2342 dubis

286 2393 421 2477 Gellius,
448 2402 485 2464 ut
509 2393 598 2482 ipsos
620 2393 702 2464 tanti
722 2391 784 2461 viri
812 2389 1068 2462 calumniatores
1095 2392 1320 2483 propelleret.

284 2518 431 2606 Quibus,
456 2525 492 2588 ut
510 2516 699 2606 sacrilegis,
719 2513 803 2585 irata
821 2523 854 2584 et
870 2513 1027 2605 belligera
1045 2514 1206 2586 vocabas
1224 2514 1310 2588 diras

284 2652 335 2714 est
351 2643 554 2731 imprecatus
570 2635 623 2734 (ᾖ)
643 2659 651 2708 ;
671 2665 687 2700 α
709 2639 752 2710 Ut
765 2635 898 2728 quidam
913 2635 1066 2720 luerunt,
1082 2631 1229 2708 monstra
1246 2636 1309 2708 ho-

283 2765 424 2848 minum,
444 2762 503 2852 qui
520 2760 561 2830 de
576 2761 646 2830 Diis
661 2759 901 2830 immortalibus
918 2759 1037 2850 impias
1051 2757 1216 2848 lalsasquc
1230 2758 1307 2848 opi·

282 2886 397 2956 nioues
408 2881 644 2974 prodiderunt,
664 2882 711 2952 ita
725 2880 873 2952 nonnulli
888 2890 959 2952 tam
975 2879 1156 2972 prodigiosi
1169 2889 1306 2972 tamque

280 3005 441 3078 vecordes
456 3005 716 3078 exstiterunt...
733 3011 769 3072 nt
786 3003 930 3072 scribere
943 3003 1015 3078 ausi
1032 3004 1099 3074 sint
1110 3003 1158 3074 M.
1173 3002 1307 3075 Cicero-

279 3149 360 3200 nem
373 3147 491 3218 parum
510 3126 651 3216 integre,
668 3131 770 3215 atquc
784 3123 979 3216 improprie,
998 3133 1100 3216 atque
1116 3124 1307 3222 inconside-

277 3257 347 3320 rate
364 3249 526 3320 locutum.
546 3272 561 3310 ι

327 3369 517 3455 Quintiliani
535 3365 590 3465 (5)
609 3367 814 3460 temporibus
831 3368 904 3438 baec
921 3366 1036 3438 eadem
1054 3366 1239 3438 studiorum
1253 3366 1306 3438 di·-

278 3491 382 3564 vortia
408 3493 517 3562 adbuc
541 3491 640 3582 plane
659 3490 819 3580 vigebant
840 3510 847 3560 :
865 3487 1106 3562 intermissos
1124 3497 1158 3558 et
1178 3487 1304 3560 Atticos

276 3622 423 3688 oratores
433 3613 681 3694 decertabatur;
699 3633 842 3702 quorum
856 3611 889 3680 in
904 3612 1013 3682 medio
1027 3611 1156 3682 stabant
1169 3608 1300 3693 Rhodii,

276 3734 443 3827 quoddam
463 3743 681 3824 temperatum
708 3744 742 3804 et
764 3755 808 3804 en
839 3743 977 3824 utroque
1007 3733 1150 3802 mistum
1172 3730 1304 3808 dicendi

308 3954 347 4026 (l)
362 3953 473 4020 Senem,
485 3953 596 4008 Suasor.
613 3953 680 4019 Vll,
695 3953 814 4028 praelat.,
830 3953 989 4008 andeolum.

309 4037 392 4109 (2lb.
408 4029 493 4102 Gall,
508 4035 558 4092 lib.
570 4054 632 4101 vrri,
645 4052 707 4109 cap.
723 4054 744 4090 1.

311 4123 348 4194 (3)
362 4122 472 4191 Quint,
484 4118 534 4178 lib.
548 4137 598 4188 ιιι,
610 4136 671 4192 cap.
686 4119 729 4175 lo.
