2950 4820
591 308 633 319 ..
659 272 700 336 27
726 307 769 319 ..

166 435 243 488 men
267 411 419 503 usurpari
439 411 534 498 iicet,
560 412 807 486 ciceronianum
835 410 936 482 fuisse
962 410 1192 506 demonstrat,

167 540 256 610 idem
276 556 406 629 quoque
419 534 459 605 de
472 534 617 620 Caesare,
634 536 676 606 de
695 534 861 620 Sallustio,
879 535 921 604 dc
938 533 1013 604 Tito
1026 533 1133 619 Livio,
1154 537 1195 608 de

168 659 392 745 Quintiliano,
416 656 609 746 caeterisque
637 677 781 728 romanae
807 656 1007 749 eloquentiae
1041 655 1198 748 principi-

165 783 249 864 bus;
265 782 388 874 pariter
400 789 458 850 aut
471 779 570 849 etiam
584 778 693 868 magis
705 779 864 850 Ecclesiae
878 779 994 850 Patres
1005 789 1039 849 et
1051 779 1198 848 maxima

167 905 286 976 Mediae
300 905 419 975 AEtatis
430 901 577 993 ingenia,
595 899 1102 994 Hyeronimum,'Augustinum,
1120 901 1199 970 Ber·

167 1026 308 1096 nardum
327 1027 568 1116 Thomamque,
592 1022 632 1092 ab
647 1021 747 1112 hujus
768 1023 908 1092 nominis
925 1022 1088 1099 consortio
1106 1042 1200 1092 arno·

169 1147 252 1218 veri.
274 1145 332 1215 His
357 1144 489 1213 tandem
509 1142 671 1233 prioribus
688 1143 834 1214 breviter
848 1164 886 1213 ac
903 1144 1025 1214 cursim
1046 1142 1199 1234 perlectis

170 1267 389 1360 temporibus,
403 1265 443 1333 ad
452 1265 644 1334 recentioris
654 1265 760 1335 aetatis
769 1274 803 1335 et
810 1266 955 1357 aequales
965 1286 1042 1335 suos
1052 1263 1201 1333 eruditos

173 1384 1201 1480 venit,quorumcenturias,permixtaquadamnominumiar·
1239 1464 1246 1477 ¹

173 1511 302 1602 regine,
317 1509 538 1602 recognoscit.
549 1510 629 1594 Quae
640 1509 777 1600 quidem
793 1509 945 1580 recensio
957 1509 1201 1600 praecipuetum

173 1631 317 1701 novitate
327 1631 389 1715 rei,
406 1629 1099 1721 tumjardiciilibertate,notandacst.Idem
1111 1628 1202 1696 enim

172 1750 225 1826 itte
240 1760 286 1822 tot
300 1753 602 1823 controversiarum
616 1751 771 1841 agitator,
787 1759 840 1827 tot¹
851 1751 1066 1821 ridiculorum
1084 1751 1203 1819 insee-
1313 1759 1316 1766 '

174 1881 272 1955 tator,
290 1881 337 1942 tot
351 1871 541 1942 facetiarum
564 1881 692 1960 auctor,
713 1872 920 1942 nuncetiam
949 1872 1044 1941 famae
1070 1870 1205 1962 largitor

176 2014 216 2063 ac
231 1991 402 2078 minister,
417 1995 534 2082 gravia
547 2003 580 2062 et
595 1995 703 2085 ampla
721 1995 866 2085 ipsorum
881 1993 1053 2064 doctorum
1071 1993 1206 2063 nomina

177 2116 209 2184 in
224 2114 357 2206 publica
382 2116 501 2186 trutina
525 2137 648 2206 ponere
674 2116 859 2187 videbatur.
884 2115 975 2206 Opus
992 2115 1127 2207 quidem
1143 2135 1206 2184 ar-

176 2237 278 2308 duum
297 2249 330 2310 et
348 2238 589 2328 periculosum,
611 2241 675 2310 hac
693 2242 876 2333 praesertim
898 2248 1014 2327 aetate,
1037 2243 1103 2332 qua
1121 2259 1206 2330 gens

177 2379 320 2450 quaeque
342 2360 403 2429 sibi
419 2359 554 2451 suisque
569 2359 791 2453 principatum
808 2382 847 2431 ac
861 2360 1117 2431 dominationem
1135 2358 1206 2428 vin·

178 2480 315 2549 dicaret.
332 2479 490 2549 Erasmus
507 2489 618 2550 autem
639 2502 754 2551 omnes
780 2502 875 2572 aequo
900 2482 985 2571 pede
1011 2501 1050 2549 ac
1073 2479 1206 2547 modulo

180 2600 284 2668 metiri
306 2599 461 2668 audebat.
496 2599 733 2690 Cuiusquidem
760 2622 899 2670 censura
921 2622 980 2690 par
1008 2609 1112 2670 totam
1137 2596 1207 2664 Eu-

179 2740 296 2812 ropam
324 2721 568 2811 peregrinatur.
589 2720 714 2790 ltaliam
738 2721 861 2812 primo,
880 2732 916 2791 nt
935 2721 1139 2811 praecipuam
1154 2718 1206 2787 vei

180 2844 253 2932 ipsa
275 2842 472 2934 antiquitate
492 2842 653 2912 honarum
681 2844 815 2932 artium¹
832 2844 961 2924 sedern,
978 2841 1058 2913 adit.
1088 2841 1122 2910 In
1145 2861 1209 2932 qua

181 2963 408 3048 i'etrarcham,
435 2963 618 3054 Poggium,
642 2964 848 3034 beocardum
867 2965 1062 3053 Aretinum,
1081 2964 1209 3033 Lasca-

181 3087 259 3172 rim,
275 3087 442 3177 Angelum
476 3085 691 3171 Potitianum,
708 3065 844 3156 Paulum
874 3087 1042 3157 AEmilium
1060 3142 1068 3170 ‚
1094 3086 1208 3156 Picum

185 3211 468 3298 Mirandulanum,
484 3213 670 3305 multosque
696 3223 856 3302 praeterea
874 3215 968 3298 alios,
982 3235 1060 3283 vere
1077 3234 1144 3282 non
1158 3209 1211 3280 Ci-

186 3335 395 3417 ceroniancs,
412 3355 474 3403 neo
492 3335 565 3404 ideo
581 3335 861 3420 contemnendos,
877 3337 1032 3432 aestimat.
1051 3334 1101 3404 Ex
1120 3334 1211 3404 italia

186 3472 265 3522 vero
285 3451 454 3542 migratio
475 3430 630 3536 Galliam,
652 3453 709 3522 uhi
732 3453 890 3530 Bndaeum
911 3452 1007 3521 simul
1024 3461 1056 3521 et
1073 3452 1212 3522 Badium

186 3573 320 3644 iaudat:
343 3594 417 3664 quae
445 3573 615 3641 nominum
646 3583 678 3642 et
700 3573 831 3642 laudum
862 3573 1002 3642 societas
1030 3585 1157 3666 postea,
1177 3583 1213 3644 ut
1317 3653 1329 3678 ·

186 3696 268 3765 inira
283 3693 482 3782 narrabitur,
501 3693 678 3766 maximam
703 3694 826 3762 irarum
846 3696 966 3765 motem
980 3696 1015 3765 in
1036 3695 1212 3766 Erasmum

189 3819 374 3889 concitavit.
394 3818 466 3888 Mox
486 3818 586 3888 etiam
606 3810 752 3908 Angticis
765 3817 831 3887 oris
845 3818 991 3910 appellit,
1012 3819 1067 3889 ubi
1085 3819 1213 3888 invenit

188 3939 347 4011 Thomam
365 3941 517 4025 Morum,
540 3963 636 4012 suum
653 3941 793 4012 amicum
810 3949 842 4011 et
859 3941 1023 4024 sodalem,
1043 3951 1073 4010 et
1096 3959 1212 4028 regem

189 4064 295 4152 ipsum
311 4063 502 4149 Henricum,
526 4092 541 4128 a
560 4068 617 4158 qut
632 4086 694 4136 oon
711 4063 816 4135 sotum
839 4065 971 4156 premio
990 4061 1113 4134 excitat
1134 4058 1213 4130 benc
