<?xml version="1.0" encoding="UTF-8"?>
<!DOCTYPE html PUBLIC "-//W3C//DTD XHTML 1.0 Transitional//EN"
    "http://www.w3.org/TR/xhtml1/DTD/xhtml1-transitional.dtd">
<html xmlns="http://www.w3.org/1999/xhtml" xml:lang="en" lang="en">
 <head>
  <title>
</title>
<meta http-equiv="Content-Type" content="text/html;charset=utf-8" />
  <meta name='ocr-system' content='tesseract 3.04.00' />
  <meta name='ocr-capabilities' content='ocr_page ocr_carea ocr_par ocr_line ocrx_word'/>
</head>
<body>
  <div class='ocr_page' id='page_1' title='image "./deciceronianobe00lenigoog_0031.png"; bbox 0 0 2950 4820; ppageno 0'>
   <div class='ocr_carea' id='block_1_1' title="bbox 698 275 876 340">
    <p class='ocr_par' dir='ltr' id='par_1_1' title="bbox 698 275 876 340">
     <span class='ocr_line' id='line_1_1' title="bbox 698 275 876 340; baseline 0 -18"><span class='ocrx_word' id='word_1_1' title='bbox 698 275 876 340; x_wconf 59' lang='lat'>..10-</span> 
     </span>
    </p>
   </div>
   <div class='ocr_carea' id='block_1_2' title="bbox 270 415 1307 631">
    <p class='ocr_par' dir='ltr' id='par_1_2' title="bbox 270 415 1307 631">
     <span class='ocr_line' id='line_1_2' title="bbox 272 415 1306 506; baseline 0 -16"><span class='ocrx_word' id='word_1_2' title='bbox 272 417 413 490; x_wconf 87' lang='lat' dir='ltr'>culentaa</span> <span class='ocrx_word' id='word_1_3' title='bbox 429 437 468 488; x_wconf 90' lang='lat' dir='ltr'>ac</span> <span class='ocrx_word' id='word_1_4' title='bbox 484 435 685 499; x_wconf 83' lang='lat' dir='ltr'>numerosae,</span> <span class='ocrx_word' id='word_1_5' title='bbox 705 416 764 487; x_wconf 90' lang='lat' dir='ltr'>sed</span> <span class='ocrx_word' id='word_1_6' title='bbox 778 423 987 506; x_wconf 83' lang='lat' dir='ltr'>praeposterae</span> <span class='ocrx_word' id='word_1_7' title='bbox 1001 415 1171 490; x_wconf 69' lang='lat' dir='ltr'>latinitatis</span> <span class='ocrx_word' id='word_1_8' title='bbox 1192 420 1306 491; x_wconf 85' lang='lat' dir='ltr'>tarra-</span> 
     </span>
     <span class='ocr_line' id='line_1_3' title="bbox 270 535 1307 631; baseline 0.002 -23"><span class='ocrx_word' id='word_1_9' title='bbox 270 541 366 631; x_wconf 84' lang='lat' dir='ltr'>gine,</span> <span class='ocrx_word' id='word_1_10' title='bbox 393 539 504 608; x_wconf 88' lang='lat' dir='ltr'>neseio</span> <span class='ocrx_word' id='word_1_11' title='bbox 526 559 609 630; x_wconf 91' lang='lat' dir='ltr'>quos</span> <span class='ocrx_word' id='word_1_12' title='bbox 627 537 740 624; x_wconf 84' lang='lat' dir='ltr'>Patres</span> <span class='ocrx_word' id='word_1_13' title='bbox 764 535 998 628; x_wconf 83' lang='lat' dir='ltr'>Conseript0s‚</span> <span class='ocrx_word' id='word_1_14' title='bbox 1022 535 1203 629; x_wconf 83' lang='lat' dir='ltr'>Consules,</span> <span class='ocrx_word' id='word_1_15' title='bbox 1226 540 1307 610; x_wconf 86' lang='lat' dir='ltr'>Tri-</span> 
     </span>
    </p>
   </div>
   <div class='ocr_carea' id='block_1_3' title="bbox 270 656 1437 752">
    <p class='ocr_par' dir='ltr' id='par_1_3' title="bbox 270 656 1437 752">
     <span class='ocr_line' id='line_1_4' title="bbox 270 656 1437 752; baseline -0.001 -20"><span class='ocrx_word' id='word_1_16' title='bbox 270 661 394 744; x_wconf 87' lang='lat' dir='ltr'><strong>bunos,</strong></span> <span class='ocrx_word' id='word_1_17' title='bbox 411 658 562 740; x_wconf 86' lang='lat' dir='ltr'>AEdiles‚</span> <span class='ocrx_word' id='word_1_18' title='bbox 587 658 748 727; x_wconf 87' lang='lat' dir='ltr'>Praetores</span> <span class='ocrx_word' id='word_1_19' title='bbox 760 665 792 726; x_wconf 89' lang='lat' dir='ltr'>et</span> <span class='ocrx_word' id='word_1_20' title='bbox 810 656 1016 729; x_wconf 82' lang='lat' dir='ltr'>Gladiatores</span> <span class='ocrx_word' id='word_1_21' title='bbox 1030 658 1147 744; x_wconf 89' lang='lat' dir='ltr'>etiarn,</span> <span class='ocrx_word' id='word_1_22' title='bbox 1165 681 1306 752; x_wconf 88' lang='lat' dir='ltr'>quorum</span> <span class='ocrx_word' id='word_1_23' title='bbox 1434 697 1437 702; x_wconf 96' lang='lat'>·</span> 
     </span>
    </p>
   </div>
   <div class='ocr_carea' id='block_1_4' title="bbox 231 776 1338 3906">
    <p class='ocr_par' dir='ltr' id='par_1_4' title="bbox 270 776 1311 1963">
     <span class='ocr_line' id='line_1_5' title="bbox 271 776 1306 870; baseline 0.004 -22"><span class='ocrx_word' id='word_1_24' title='bbox 271 779 340 849; x_wconf 92' lang='lat' dir='ltr'>virn</span> <span class='ocrx_word' id='word_1_25' title='bbox 364 779 517 866; x_wconf 89' lang='lat' dir='ltr'>timeret,</span> <span class='ocrx_word' id='word_1_26' title='bbox 545 776 688 870; x_wconf 85' lang='lat' dir='ltr'>vigilans</span> <span class='ocrx_word' id='word_1_27' title='bbox 713 777 767 846; x_wconf 94' lang='lat' dir='ltr'>ille</span> <span class='ocrx_word' id='word_1_28' title='bbox 793 777 991 848; x_wconf 85' lang='lat' dir='ltr'>somniabat.</span> <span class='ocrx_word' id='word_1_29' title='bbox 1010 778 1068 849; x_wconf 86' lang='lat' dir='ltr'>llis</span> <span class='ocrx_word' id='word_1_30' title='bbox 1086 779 1219 852; x_wconf 90' lang='lat' dir='ltr'>tandem</span> <span class='ocrx_word' id='word_1_31' title='bbox 1236 802 1306 852; x_wconf 91' lang='lat' dir='ltr'>me-</span> 
     </span>
     <span class='ocr_line' id='line_1_6' title="bbox 271 896 1304 972; baseline 0 -2"><span class='ocrx_word' id='word_1_32' title='bbox 271 900 337 970; x_wconf 91' lang='lat' dir='ltr'>ruit</span> <span class='ocrx_word' id='word_1_33' title='bbox 350 899 412 969; x_wconf 92' lang='lat' dir='ltr'>dici</span> <span class='ocrx_word' id='word_1_34' title='bbox 429 898 676 969; x_wconf 82' lang='lat' dir='ltr'>Ciceronianus.</span> <span class='ocrx_word' id='word_1_35' title='bbox 696 896 786 967; x_wconf 90' lang='lat' dir='ltr'>ldem</span> <span class='ocrx_word' id='word_1_36' title='bbox 802 898 900 966; x_wconf 88' lang='lat' dir='ltr'>etiam</span> <span class='ocrx_word' id='word_1_37' title='bbox 916 897 955 966; x_wconf 92' lang='lat' dir='ltr'>ad</span> <span class='ocrx_word' id='word_1_38' title='bbox 982 898 1075 968; x_wconf 90' lang='lat' dir='ltr'>Tullii</span> <span class='ocrx_word' id='word_1_39' title='bbox 1090 901 1304 972; x_wconf 89' lang='lat' dir='ltr'>imitationem</span> 
     </span>
     <span class='ocr_line' id='line_1_7' title="bbox 272 1019 1305 1113; baseline 0 -19"><span class='ocrx_word' id='word_1_40' title='bbox 272 1023 389 1094; x_wconf 88' lang='lat' dir='ltr'>amicis</span> <span class='ocrx_word' id='word_1_41' title='bbox 402 1022 571 1113; x_wconf 88' lang='lat' dir='ltr'>epistolas,</span> <span class='ocrx_word' id='word_1_42' title='bbox 586 1030 619 1091; x_wconf 90' lang='lat' dir='ltr'>et</span> <span class='ocrx_word' id='word_1_43' title='bbox 636 1021 668 1090; x_wconf 94' lang='lat' dir='ltr'>in</span> <span class='ocrx_word' id='word_1_44' title='bbox 683 1020 888 1090; x_wconf 88' lang='lat' dir='ltr'>Lutheranos</span> <span class='ocrx_word' id='word_1_45' title='bbox 908 1019 1108 1113; x_wconf 79' lang='lat' dir='ltr'>Philippicas</span> <span class='ocrx_word' id='word_1_46' title='bbox 1122 1024 1305 1107; x_wconf 89' lang='lat' dir='ltr'>orationes,</span> 
     </span>
     <span class='ocr_line' id='line_1_8' title="bbox 274 1141 1307 1237; baseline 0 -23"><span class='ocrx_word' id='word_1_47' title='bbox 274 1165 417 1236; x_wconf 86' lang='lat' dir='ltr'>quarum</span> <span class='ocrx_word' id='word_1_48' title='bbox 434 1163 500 1212; x_wconf 92' lang='lat' dir='ltr'>una</span> <span class='ocrx_word' id='word_1_49' title='bbox 522 1151 654 1226; x_wconf 82' lang='lat' dir='ltr'>exstat,</span> <span class='ocrx_word' id='word_1_50' title='bbox 673 1141 928 1231; x_wconf 84' lang='lat' dir='ltr'>conscripserat.</span> <span class='ocrx_word' id='word_1_51' title='bbox 956 1141 1081 1215; x_wconf 91' lang='lat' dir='ltr'>Nobilis</span> <span class='ocrx_word' id='word_1_52' title='bbox 1102 1145 1236 1237; x_wconf 89' lang='lat' dir='ltr'>quidem</span> <span class='ocrx_word' id='word_1_53' title='bbox 1254 1144 1307 1214; x_wconf 88' lang='lat' dir='ltr'>ille</span> 
     </span>
     <span class='ocr_line' id='line_1_9' title="bbox 270 1264 1306 1359; baseline -0.003 -22"><span class='ocrx_word' id='word_1_54' title='bbox 270 1267 424 1359; x_wconf 82' lang='lat' dir='ltr'>juvenis,</span> <span class='ocrx_word' id='word_1_55' title='bbox 446 1275 479 1336; x_wconf 88' lang='lat' dir='ltr'>et</span> <span class='ocrx_word' id='word_1_56' title='bbox 493 1264 711 1336; x_wconf 86' lang='lat' dir='ltr'>admiratione</span> <span class='ocrx_word' id='word_1_57' title='bbox 725 1284 822 1355; x_wconf 90' lang='lat' dir='ltr'>quam</span> <span class='ocrx_word' id='word_1_58' title='bbox 837 1264 902 1332; x_wconf 92' lang='lat' dir='ltr'>risu</span> <span class='ocrx_word' id='word_1_59' title='bbox 918 1264 1061 1355; x_wconf 82' lang='lat' dir='ltr'>dignior,</span> <span class='ocrx_word' id='word_1_60' title='bbox 1074 1267 1129 1359; x_wconf 91' lang='lat' dir='ltr'>qui</span> <span class='ocrx_word' id='word_1_61' title='bbox 1143 1288 1201 1358; x_wconf 90' lang='lat' dir='ltr'>per</span> <span class='ocrx_word' id='word_1_62' title='bbox 1219 1265 1306 1336; x_wconf 86' lang='lat' dir='ltr'>mul·</span> 
     </span>
     <span class='ocr_line' id='line_1_10' title="bbox 272 1383 1308 1475; baseline -0.001 -18"><span class='ocrx_word' id='word_1_63' title='bbox 272 1396 324 1458; x_wconf 90' lang='lat' dir='ltr'>tos</span> <span class='ocrx_word' id='word_1_64' title='bbox 343 1389 407 1458; x_wconf 85' lang='lat' dir='ltr'>viae</span> <span class='ocrx_word' id='word_1_65' title='bbox 434 1387 582 1468; x_wconf 88' lang='lat' dir='ltr'>labores,</span> <span class='ocrx_word' id='word_1_66' title='bbox 607 1392 642 1454; x_wconf 92' lang='lat' dir='ltr'>ut</span> <span class='ocrx_word' id='word_1_67' title='bbox 665 1383 766 1454; x_wconf 87' lang='lat' dir='ltr'>ltaliae</span> <span class='ocrx_word' id='word_1_68' title='bbox 785 1383 868 1454; x_wconf 90' lang='lat' dir='ltr'>coelo</span> <span class='ocrx_word' id='word_1_69' title='bbox 889 1385 1065 1475; x_wconf 83' lang='lat' dir='ltr'>frueretur,</span> <span class='ocrx_word' id='word_1_70' title='bbox 1083 1388 1124 1458; x_wconf 91' lang='lat' dir='ltr'>ad</span> <span class='ocrx_word' id='word_1_71' title='bbox 1144 1390 1308 1458; x_wconf 90' lang='lat' dir='ltr'>bonarum</span> 
     </span>
     <span class='ocr_line' id='line_1_11' title="bbox 274 1507 1308 1599; baseline -0.002 -20"><span class='ocrx_word' id='word_1_72' title='bbox 274 1511 393 1580; x_wconf 88' lang='lat' dir='ltr'>artium</span> <span class='ocrx_word' id='word_1_73' title='bbox 404 1510 526 1580; x_wconf 91' lang='lat' dir='ltr'>iontem</span> <span class='ocrx_word' id='word_1_74' title='bbox 540 1507 650 1589; x_wconf 91' lang='lat' dir='ltr'>venit,</span> <span class='ocrx_word' id='word_1_75' title='bbox 666 1508 722 1576; x_wconf 91' lang='lat' dir='ltr'>sed</span> <span class='ocrx_word' id='word_1_76' title='bbox 740 1507 773 1574; x_wconf 92' lang='lat' dir='ltr'>in</span> <span class='ocrx_word' id='word_1_77' title='bbox 788 1527 893 1576; x_wconf 90' lang='lat' dir='ltr'>vacuo</span> <span class='ocrx_word' id='word_1_78' title='bbox 910 1516 943 1576; x_wconf 91' lang='lat' dir='ltr'>et</span> <span class='ocrx_word' id='word_1_79' title='bbox 955 1507 1065 1599; x_wconf 85' lang='lat' dir='ltr'>jejuno</span> <span class='ocrx_word' id='word_1_80' title='bbox 1076 1509 1224 1578; x_wconf 89' lang='lat' dir='ltr'>imitandi</span> <span class='ocrx_word' id='word_1_81' title='bbox 1239 1517 1308 1578; x_wconf 93' lang='lat' dir='ltr'>stu·</span> 
     </span>
     <span class='ocr_line' id='line_1_12' title="bbox 275 1611 1311 1722; baseline -0.002 -22"><span class='ocrx_word' id='word_1_82' title='bbox 275 1611 329 1700; x_wconf 87' lang='lat' dir='ltr'>dio</span> <span class='ocrx_word' id='word_1_83' title='bbox 344 1631 467 1722; x_wconf 87' lang='lat' dir='ltr'>ingenii</span> <span class='ocrx_word' id='word_1_84' title='bbox 487 1630 575 1700; x_wconf 91' lang='lat' dir='ltr'>vires</span> <span class='ocrx_word' id='word_1_85' title='bbox 593 1627 819 1719; x_wconf 87' lang='lat' dir='ltr'>consumpsit,</span> <span class='ocrx_word' id='word_1_86' title='bbox 837 1649 913 1698; x_wconf 91' lang='lat' dir='ltr'>cum</span> <span class='ocrx_word' id='word_1_87' title='bbox 931 1617 976 1698; x_wconf 93' lang='lat' dir='ltr'>ad</span> <span class='ocrx_word' id='word_1_88' title='bbox 992 1630 1128 1700; x_wconf 88' lang='lat' dir='ltr'>meliora</span> <span class='ocrx_word' id='word_1_89' title='bbox 1146 1634 1246 1700; x_wconf 85' lang='lat' dir='ltr'>natus</span> <span class='ocrx_word' id='word_1_90' title='bbox 1257 1629 1311 1698; x_wconf 93' lang='lat' dir='ltr'>vi-</span> 
     </span>
     <span class='ocr_line' id='line_1_13' title="bbox 276 1749 1310 1844; baseline 0.002 -23"><span class='ocrx_word' id='word_1_91' title='bbox 276 1749 429 1822; x_wconf 88' lang='lat' dir='ltr'>deretur!</span> <span class='ocrx_word' id='word_1_92' title='bbox 448 1753 495 1824; x_wconf 91' lang='lat' dir='ltr'>lta</span> <span class='ocrx_word' id='word_1_93' title='bbox 511 1754 571 1823; x_wconf 83' lang='lat' dir='ltr'>vix</span> <span class='ocrx_word' id='word_1_94' title='bbox 585 1772 736 1843; x_wconf 88' lang='lat' dir='ltr'>repressa</span> <span class='ocrx_word' id='word_1_95' title='bbox 750 1751 913 1820; x_wconf 84' lang='lat' dir='ltr'>barbariae</span> <span class='ocrx_word' id='word_1_96' title='bbox 927 1751 1128 1822; x_wconf 84' lang='lat' dir='ltr'>scholasticae</span> <span class='ocrx_word' id='word_1_97' title='bbox 1141 1755 1310 1844; x_wconf 86' lang='lat' dir='ltr'>impoten-</span> 
     </span>
     <span class='ocr_line' id='line_1_14' title="bbox 277 1871 1151 1963; baseline 0 -21"><span class='ocrx_word' id='word_1_98' title='bbox 277 1876 321 1943; x_wconf 92' lang='lat' dir='ltr'>tia</span> <span class='ocrx_word' id='word_1_99' title='bbox 336 1923 345 1960; x_wconf 94' lang='lat'>,</span> <span class='ocrx_word' id='word_1_100' title='bbox 363 1874 464 1944; x_wconf 89' lang='lat' dir='ltr'>altera</span> <span class='ocrx_word' id='word_1_101' title='bbox 479 1873 658 1943; x_wconf 88' lang='lat' dir='ltr'>dominatio</span> <span class='ocrx_word' id='word_1_102' title='bbox 674 1873 767 1942; x_wconf 91' lang='lat' dir='ltr'>bonis</span> <span class='ocrx_word' id='word_1_103' title='bbox 782 1871 908 1941; x_wconf 92' lang='lat' dir='ltr'>artibus</span> <span class='ocrx_word' id='word_1_104' title='bbox 923 1872 1151 1963; x_wconf 89' lang='lat' dir='ltr'>impendebat.</span> 
     </span>
    </p>

    <p class='ocr_par' dir='ltr' id='par_1_5' title="bbox 231 1993 1338 3906">
     <span class='ocr_line' id='line_1_15' title="bbox 330 1993 1305 2085; baseline -0.001 -21"><span class='ocrx_word' id='word_1_105' title='bbox 330 1995 385 2064; x_wconf 85' lang='lat' dir='ltr'>tlt.</span> <span class='ocrx_word' id='word_1_106' title='bbox 406 2032 453 2044; x_wconf 86' lang='lat'>—-</span> <span class='ocrx_word' id='word_1_107' title='bbox 468 1993 591 2063; x_wconf 88' lang='lat' dir='ltr'>Contra</span> <span class='ocrx_word' id='word_1_108' title='bbox 613 2003 724 2062; x_wconf 83' lang='lat' dir='ltr'>autern</span> <span class='ocrx_word' id='word_1_109' title='bbox 745 1993 832 2063; x_wconf 92' lang='lat' dir='ltr'>hanc</span> <span class='ocrx_word' id='word_1_110' title='bbox 851 2003 974 2063; x_wconf 89' lang='lat' dir='ltr'>tantam</span> <span class='ocrx_word' id='word_1_111' title='bbox 996 1994 1176 2084; x_wconf 87' lang='lat' dir='ltr'>lymphatae</span> <span class='ocrx_word' id='word_1_112' title='bbox 1195 1995 1305 2085; x_wconf 84' lang='lat' dir='ltr'>gentis</span> 
     </span>
     <span class='ocr_line' id='line_1_16' title="bbox 277 2112 1311 2204; baseline -0.001 -18"><span class='ocrx_word' id='word_1_113' title='bbox 277 2115 486 2187; x_wconf 88' lang='lat' dir='ltr'>insolentiam</span> <span class='ocrx_word' id='word_1_114' title='bbox 508 2114 666 2183; x_wconf 83' lang='lat' dir='ltr'>Erasmus</span> <span class='ocrx_word' id='word_1_115' title='bbox 682 2112 788 2204; x_wconf 90' lang='lat' dir='ltr'>primo</span> <span class='ocrx_word' id='word_1_116' title='bbox 805 2115 985 2200; x_wconf 87' lang='lat' dir='ltr'>Bndaeurn,</span> <span class='ocrx_word' id='word_1_117' title='bbox 1004 2136 1172 2186; x_wconf 87' lang='lat' dir='ltr'>summurn</span> <span class='ocrx_word' id='word_1_118' title='bbox 1190 2115 1311 2185; x_wconf 90' lang='lat' dir='ltr'>Trans-</span> 
     </span>
     <span class='ocr_line' id='line_1_17' title="bbox 279 2237 1313 2330; baseline 0.001 -21"><span class='ocrx_word' id='word_1_119' title='bbox 279 2241 399 2330; x_wconf 79' lang='lat' dir='ltr'>alpinae</span> <span class='ocrx_word' id='word_1_120' title='bbox 427 2238 590 2308; x_wconf 90' lang='lat' dir='ltr'>doctrinae</span> <span class='ocrx_word' id='word_1_121' title='bbox 615 2239 753 2321; x_wconf 89' lang='lat' dir='ltr'>ducem,</span> <span class='ocrx_word' id='word_1_122' title='bbox 788 2260 846 2327; x_wconf 93' lang='lat' dir='ltr'>pro</span> <span class='ocrx_word' id='word_1_123' title='bbox 874 2237 979 2308; x_wconf 90' lang='lat' dir='ltr'>Gallia</span> <span class='ocrx_word' id='word_1_124' title='bbox 1001 2239 1100 2308; x_wconf 90' lang='lat' dir='ltr'>simul</span> <span class='ocrx_word' id='word_1_125' title='bbox 1124 2249 1159 2310; x_wconf 90' lang='lat' dir='ltr'>et</span> <span class='ocrx_word' id='word_1_126' title='bbox 1180 2237 1313 2310; x_wconf 88' lang='lat' dir='ltr'>Germa·</span> 
     </span>
     <span class='ocr_line' id='line_1_18' title="bbox 280 2359 1310 2454; baseline -0.004 -22"><span class='ocrx_word' id='word_1_127' title='bbox 280 2363 336 2432; x_wconf 90' lang='lat' dir='ltr'>nia</span> <span class='ocrx_word' id='word_1_128' title='bbox 360 2361 454 2451; x_wconf 84' lang='lat' dir='ltr'>signa</span> <span class='ocrx_word' id='word_1_129' title='bbox 480 2367 645 2430; x_wconf 92' lang='lat' dir='ltr'>moturum</span> <span class='ocrx_word' id='word_1_130' title='bbox 673 2368 884 2450; x_wconf 81' lang='lat' dir='ltr'>speraverat3</span> <span class='ocrx_word' id='word_1_131' title='bbox 912 2359 1009 2450; x_wconf 90' lang='lat' dir='ltr'>eique</span> <span class='ocrx_word' id='word_1_132' title='bbox 1040 2360 1157 2442; x_wconf 92' lang='lat' dir='ltr'>etiam,</span> <span class='ocrx_word' id='word_1_133' title='bbox 1190 2360 1310 2454; x_wconf 91' lang='lat' dir='ltr'>quibus</span> 
     </span>
     <span class='ocr_line' id='line_1_19' title="bbox 281 2479 1308 2573; baseline -0.006 -17"><span class='ocrx_word' id='word_1_134' title='bbox 281 2487 431 2556; x_wconf 90' lang='lat' dir='ltr'>animum</span> <span class='ocrx_word' id='word_1_135' title='bbox 445 2483 684 2562; x_wconf 84' lang='lat' dir='ltr'>inflammaret,</span> <span class='ocrx_word' id='word_1_136' title='bbox 702 2479 876 2550; x_wconf 87' lang='lat' dir='ltr'>nonnullas</span> <span class='ocrx_word' id='word_1_137' title='bbox 889 2480 1023 2550; x_wconf 87' lang='lat' dir='ltr'>miserat</span> <span class='ocrx_word' id='word_1_138' title='bbox 1036 2482 1205 2573; x_wconf 93' lang='lat' dir='ltr'>epistolas.</span> <span class='ocrx_word' id='word_1_139' title='bbox 1224 2481 1308 2550; x_wconf 88' lang='lat' dir='ltr'>Cum</span> 
     </span>
     <span class='ocr_line' id='line_1_20' title="bbox 280 2600 1310 2697; baseline -0.008 -17"><span class='ocrx_word' id='word_1_140' title='bbox 280 2618 392 2680; x_wconf 90' lang='lat' dir='ltr'>autern</span> <span class='ocrx_word' id='word_1_141' title='bbox 409 2604 483 2688; x_wconf 90' lang='lat' dir='ltr'>ille,</span> <span class='ocrx_word' id='word_1_142' title='bbox 513 2605 575 2673; x_wconf 90' lang='lat' dir='ltr'>etsi</span> <span class='ocrx_word' id='word_1_143' title='bbox 603 2603 834 2673; x_wconf 91' lang='lat' dir='ltr'>commilitium</span> <span class='ocrx_word' id='word_1_144' title='bbox 851 2625 950 2674; x_wconf 92' lang='lat' dir='ltr'>snum</span> <span class='ocrx_word' id='word_1_145' title='bbox 971 2603 1135 2693; x_wconf 90' lang='lat' dir='ltr'>pollicitus</span> <span class='ocrx_word' id='word_1_146' title='bbox 1155 2600 1231 2697; x_wconf 90' lang='lat' dir='ltr'>(l),</span> <span class='ocrx_word' id='word_1_147' title='bbox 1254 2603 1310 2672; x_wconf 88' lang='lat' dir='ltr'>vel</span> 
     </span>
     <span class='ocr_line' id='line_1_21' title="bbox 282 2725 1309 2814; baseline -0.008 -13"><span class='ocrx_word' id='word_1_148' title='bbox 282 2729 485 2801; x_wconf 87' lang='lat' dir='ltr'>simultatum</span> <span class='ocrx_word' id='word_1_149' title='bbox 503 2727 703 2814; x_wconf 85' lang='lat' dir='ltr'>incuriosus,</span> <span class='ocrx_word' id='word_1_150' title='bbox 719 2725 773 2795; x_wconf 91' lang='lat' dir='ltr'>vel</span> <span class='ocrx_word' id='word_1_151' title='bbox 787 2725 1020 2797; x_wconf 88' lang='lat' dir='ltr'>secretioribus</span> <span class='ocrx_word' id='word_1_152' title='bbox 1032 2725 1149 2795; x_wconf 90' lang='lat' dir='ltr'>studiis</span> <span class='ocrx_word' id='word_1_153' title='bbox 1163 2725 1309 2810; x_wconf 88' lang='lat' dir='ltr'>deditus,</span> 
     </span>
     <span class='ocr_line' id='line_1_22' title="bbox 283 2847 1312 2938; baseline -0.008 -16"><span class='ocrx_word' id='word_1_154' title='bbox 283 2850 398 2922; x_wconf 88' lang='lat' dir='ltr'>castris</span> <span class='ocrx_word' id='word_1_155' title='bbox 420 2851 512 2918; x_wconf 83' lang='lat' dir='ltr'>exire</span> <span class='ocrx_word' id='word_1_156' title='bbox 530 2847 717 2930; x_wconf 88' lang='lat' dir='ltr'>dubitaret,</span> <span class='ocrx_word' id='word_1_157' title='bbox 743 2847 900 2916; x_wconf 85' lang='lat' dir='ltr'>Erasmus</span> <span class='ocrx_word' id='word_1_158' title='bbox 915 2847 969 2915; x_wconf 89' lang='lat' dir='ltr'>isti</span> <span class='ocrx_word' id='word_1_159' title='bbox 993 2848 1136 2938; x_wconf 82' lang='lat' dir='ltr'>garrulae</span> <span class='ocrx_word' id='word_1_160' title='bbox 1154 2847 1312 2917; x_wconf 89' lang='lat' dir='ltr'>italorum</span> 
     </span>
     <span class='ocr_line' id='line_1_23' title="bbox 231 2957 1310 3062; baseline -0.006 -21"><span class='ocrx_word' id='word_1_161' title='bbox 231 3051 234 3056; x_wconf 42' lang='grc'><strong>,</strong></span> <span class='ocrx_word' id='word_1_162' title='bbox 283 2970 405 3062; x_wconf 85' lang='lat' dir='ltr'>legioni</span> <span class='ocrx_word' id='word_1_163' title='bbox 430 2969 561 3038; x_wconf 89' lang='lat' dir='ltr'>obviarn</span> <span class='ocrx_word' id='word_1_164' title='bbox 581 2970 628 3038; x_wconf 88' lang='lat' dir='ltr'>ire</span> <span class='ocrx_word' id='word_1_165' title='bbox 657 2967 840 3038; x_wconf 89' lang='lat' dir='ltr'>constituit.</span> <span class='ocrx_word' id='word_1_166' title='bbox 870 2966 996 3058; x_wconf 85' lang='lat' dir='ltr'>Quippe</span> <span class='ocrx_word' id='word_1_167' title='bbox 1027 2969 1083 3059; x_wconf 92' lang='lat' dir='ltr'>qul</span> <span class='ocrx_word' id='word_1_168' title='bbox 1113 2957 1181 3039; x_wconf 88' lang='lat' dir='ltr'>acri</span> <span class='ocrx_word' id='word_1_169' title='bbox 1213 2968 1310 3058; x_wconf 86' lang='lat' dir='ltr'>inge-</span> 
     </span>
     <span class='ocr_line' id='line_1_24' title="bbox 284 3088 1309 3182; baseline -0.006 -19"><span class='ocrx_word' id='word_1_170' title='bbox 284 3093 358 3176; x_wconf 90' lang='lat' dir='ltr'>nio,</span> <span class='ocrx_word' id='word_1_171' title='bbox 391 3091 615 3182; x_wconf 86' lang='lat' dir='ltr'>expeditaque</span> <span class='ocrx_word' id='word_1_172' title='bbox 634 3108 787 3158; x_wconf 89' lang='lat' dir='ltr'>sermone</span> <span class='ocrx_word' id='word_1_173' title='bbox 811 3097 845 3157; x_wconf 93' lang='lat' dir='ltr'>et</span> <span class='ocrx_word' id='word_1_174' title='bbox 866 3088 932 3157; x_wconf 87' lang='lat' dir='ltr'>levi</span> <span class='ocrx_word' id='word_1_175' title='bbox 954 3090 1074 3159; x_wconf 87' lang='lat' dir='ltr'>salium</span> <span class='ocrx_word' id='word_1_176' title='bbox 1097 3112 1136 3160; x_wconf 89' lang='lat' dir='ltr'>ac</span> <span class='ocrx_word' id='word_1_177' title='bbox 1159 3091 1309 3182; x_wconf 85' lang='lat' dir='ltr'>jocorum</span> 
     </span>
     <span class='ocr_line' id='line_1_25' title="bbox 284 3189 1314 3302; baseline -0.005 -17"><span class='ocrx_word' id='word_1_178' title='bbox 284 3223 452 3285; x_wconf 90' lang='lat' dir='ltr'>armatura</span> <span class='ocrx_word' id='word_1_179' title='bbox 474 3230 607 3300; x_wconf 88' lang='lat' dir='ltr'>semper</span> <span class='ocrx_word' id='word_1_180' title='bbox 632 3210 673 3279; x_wconf 90' lang='lat' dir='ltr'>ad</span> <span class='ocrx_word' id='word_1_181' title='bbox 704 3189 919 3300; x_wconf 84' lang='lat' dir='ltr'>pugnandum</span> <span class='ocrx_word' id='word_1_182' title='bbox 944 3219 1095 3300; x_wconf 90' lang='lat' dir='ltr'>paratus,</span> <span class='ocrx_word' id='word_1_183' title='bbox 1121 3211 1191 3302; x_wconf 74' lang='lat' dir='ltr'>iam</span> <span class='ocrx_word' id='word_1_184' title='bbox 1218 3220 1314 3280; x_wconf 90' lang='lat' dir='ltr'>antea</span> 
     </span>
     <span class='ocr_line' id='line_1_26' title="bbox 287 3329 1338 3432; baseline -0.004 -28"><span class='ocrx_word' id='word_1_185' title='bbox 287 3333 413 3405; x_wconf 91' lang='lat' dir='ltr'>missile</span> <span class='ocrx_word' id='word_1_186' title='bbox 428 3332 529 3404; x_wconf 90' lang='lat' dir='ltr'>telum</span> <span class='ocrx_word' id='word_1_187' title='bbox 544 3329 666 3422; x_wconf 79' lang='lat' dir='ltr'>saepius</span> <span class='ocrx_word' id='word_1_188' title='bbox 679 3329 882 3421; x_wconf 80' lang='lat' dir='ltr'>projecisset,</span> <span class='ocrx_word' id='word_1_189' title='bbox 898 3349 975 3432; x_wconf 88' lang='lat' dir='ltr'>cum</span> <span class='ocrx_word' id='word_1_190' title='bbox 993 3330 1065 3401; x_wconf 88' lang='lat' dir='ltr'>haec</span> <span class='ocrx_word' id='word_1_191' title='bbox 1078 3331 1182 3403; x_wconf 87' lang='lat' dir='ltr'>verba</span> <span class='ocrx_word' id='word_1_192' title='bbox 1196 3331 1313 3420; x_wconf 86' lang='lat' dir='ltr'>jocan-</span> <span class='ocrx_word' id='word_1_193' title='bbox 1334 3353 1338 3364; x_wconf 94' lang='lat'><em>·</em></span> 
     </span>
     <span class='ocr_line' id='line_1_27' title="bbox 288 3449 1314 3547; baseline -0.002 -22"><span class='ocrx_word' id='word_1_194' title='bbox 288 3455 330 3525; x_wconf 91' lang='lat' dir='ltr'>dn</span> <span class='ocrx_word' id='word_1_195' title='bbox 348 3454 466 3524; x_wconf 88' lang='lat' dir='ltr'>soleret</span> <span class='ocrx_word' id='word_1_196' title='bbox 481 3451 628 3523; x_wconf 86' lang='lat' dir='ltr'>dictitare</span> <span class='ocrx_word' id='word_1_197' title='bbox 645 3476 652 3518; x_wconf 92' lang='lat'>:</span> <span class='ocrx_word' id='word_1_198' title='bbox 675 3453 915 3521; x_wconf 81' lang='lat' dir='ltr'>Decernannos</span> <span class='ocrx_word' id='word_1_199' title='bbox 932 3449 1117 3546; x_wconf 77' lang='lat' dir='ltr'>consumpsi</span> <span class='ocrx_word' id='word_1_200' title='bbox 1130 3451 1165 3522; x_wconf 85' lang='lat' dir='ltr'>ia</span> <span class='ocrx_word' id='word_1_201' title='bbox 1179 3449 1314 3547; x_wconf 74' lang='lat' dir='ltr'>tepentia</span> 
     </span>
     <span class='ocr_line' id='line_1_28' title="bbox 288 3572 1317 3665; baseline -0.003 -18"><span class='ocrx_word' id='word_1_202' title='bbox 288 3574 450 3648; x_wconf 74' lang='lat' dir='ltr'>Cicerone.</span> <span class='ocrx_word' id='word_1_203' title='bbox 480 3573 606 3657; x_wconf 86' lang='lat' dir='ltr'>Quibus</span> <span class='ocrx_word' id='word_1_204' title='bbox 631 3595 690 3664; x_wconf 91' lang='lat' dir='ltr'>per</span> <span class='ocrx_word' id='word_1_205' title='bbox 710 3573 824 3643; x_wconf 90' lang='lat' dir='ltr'>ludum</span> <span class='ocrx_word' id='word_1_206' title='bbox 846 3572 994 3664; x_wconf 82' lang='lat' dir='ltr'>fingebat</span> <span class='ocrx_word' id='word_1_207' title='bbox 1011 3573 1101 3643; x_wconf 85' lang='lat' dir='ltr'>Eeho</span> <span class='ocrx_word' id='word_1_208' title='bbox 1122 3595 1231 3665; x_wconf 79' lang='lat' dir='ltr'>graece</span> <span class='ocrx_word' id='word_1_209' title='bbox 1256 3595 1317 3644; x_wconf 88' lang='lat' dir='ltr'>re·-</span> 
     </span>
     <span class='ocr_line' id='line_1_29' title="bbox 289 3671 1314 3789; baseline -0.004 -21"><span class='ocrx_word' id='word_1_210' title='bbox 289 3696 470 3789; x_wconf 87' lang='lat' dir='ltr'>spondere:</span> <span class='ocrx_word' id='word_1_211' title='bbox 491 3671 564 3782; x_wconf 76' lang='grc' dir='ltr'>ὅνε,</span> <span class='ocrx_word' id='word_1_212' title='bbox 581 3695 612 3763; x_wconf 92' lang='lat' dir='ltr'>id</span> <span class='ocrx_word' id='word_1_213' title='bbox 633 3703 695 3788; x_wconf 83' lang='lat' dir='ltr'>est,</span> <span class='ocrx_word' id='word_1_214' title='bbox 712 3692 835 3764; x_wconf 81' lang='lat' dir='ltr'>Asiae!</span> <span class='ocrx_word' id='word_1_215' title='bbox 848 3694 1314 3786; x_wconf 87' lang='lat' dir='ltr'>Nuncverograviusaliquod</span> 
     </span>
     <span class='ocr_line' id='line_1_30' title="bbox 289 3799 1311 3906; baseline -0.003 -16"><span class='ocrx_word' id='word_1_216' title='bbox 289 3819 365 3890; x_wconf 87' lang='lat' dir='ltr'>belli</span> <span class='ocrx_word' id='word_1_217' title='bbox 389 3827 588 3889; x_wconf 91' lang='lat' dir='ltr'>tormentum</span> <span class='ocrx_word' id='word_1_218' title='bbox 606 3799 835 3886; x_wconf 87' lang='lat' dir='ltr'>meditabatur.</span> <span class='ocrx_word' id='word_1_219' title='bbox 858 3816 946 3906; x_wconf 86' lang='lat' dir='ltr'>Ergo</span> <span class='ocrx_word' id='word_1_220' title='bbox 974 3815 1050 3886; x_wconf 88' lang='lat' dir='ltr'>licet</span> <span class='ocrx_word' id='word_1_221' title='bbox 1075 3815 1184 3885; x_wconf 90' lang='lat' dir='ltr'>senior</span> <span class='ocrx_word' id='word_1_222' title='bbox 1206 3816 1311 3887; x_wconf 88' lang='lat' dir='ltr'>laetus</span> 
     </span>
    </p>
   </div>
   <div class='ocr_carea' id='block_1_5' title="bbox 289 4080 949 4176">
    <p class='ocr_par' dir='ltr' id='par_1_6' title="bbox 289 4080 949 4176">
     <span class='ocr_line' id='line_1_31' title="bbox 289 4080 949 4176; baseline -0.017 -31"><span class='ocrx_word' id='word_1_223' title='bbox 289 4148 309 4176; x_wconf 31' lang='grc' dir='ltr'>Ι,</span> <span class='ocrx_word' id='word_1_224' title='bbox 327 4087 365 4159; x_wconf 84' lang='grc'>(1)</span> <span class='ocrx_word' id='word_1_225' title='bbox 376 4085 485 4142; x_wconf 82' lang='lat' dir='ltr'>Erasm.</span> <span class='ocrx_word' id='word_1_226' title='bbox 503 4082 593 4156; x_wconf 86' lang='lat' dir='ltr'>Epist.</span> <span class='ocrx_word' id='word_1_227' title='bbox 604 4081 723 4139; x_wconf 84' lang='lat' dir='ltr'>Danesio</span> <span class='ocrx_word' id='word_1_228' title='bbox 735 4081 763 4151; x_wconf 80' lang='lat'>(5</span> <span class='ocrx_word' id='word_1_229' title='bbox 776 4088 847 4155; x_wconf 83' lang='lat' dir='ltr'>sept.</span> <span class='ocrx_word' id='word_1_230' title='bbox 862 4080 949 4148; x_wconf 76' lang='lat' dir='ltr'>tans).</span> 
     </span>
    </p>
   </div>
   <div class='ocr_carea' id='block_1_6' title="bbox 0 0 1500 4820">
    <p class='ocr_par' dir='ltr' id='par_1_7' title="bbox 0 0 1500 4820">
     <span class='ocr_line' id='line_1_32' title="bbox 0 0 1500 4820; baseline 0 0"><span class='ocrx_word' id='word_1_231' title='bbox 0 0 1500 4820; x_wconf 95' lang='lat' dir='ltr'> </span> 
     </span>
    </p>
   </div>
  </div>
 </body>
</html>
