2950 4820
619 249 796 316 ..63-

116 449 119 456 a
195 391 318 483 pariter
332 389 489 462 tuendum
508 391 705 483 accingitur.
726 391 843 482 Neque
858 391 945 462 enim
956 390 1220 464 obliviscendum

195 520 246 582 est
270 512 360 584 hunc
383 511 424 582 de
445 513 546 604 Lipsii
569 513 730 592 latinitate
760 514 881 583 librum
910 534 1013 601 auno,
1042 523 1219 606 postquam

196 632 360 705 Henricus
377 634 519 720 Quartus
544 634 707 706 Lutetiam
738 635 962 726 introgressus
984 644 1090 719 esset,
1117 657 1222 707 exou-

192 774 267 824 sum
280 755 380 826 luisse
399 754 468 852 (l),
486 755 665 826 Henricum
688 765 800 826 autem
818 757 1023 850 Stephanum
1042 777 1119 827 cum
1138 757 1224 828 Pas-

192 878 314 948 seratio
338 855 538 969 caeterisque
565 875 750 968 Menippeas
767 879 874 948 satirae
902 878 1093 951 auctoribus
1120 878 1221 950 luisse

191 997 516 1089 conjunctissimum
544 996 635 1068 unde
654 997 790 1068 minime
819 1000 1021 1086 mirandum,
1043 999 1085 1085 si,
1104 1000 1138 1070 in
1155 999 1221 1070 hac

191 1117 264 1208 ipsa
287 1119 473 1190 litterarum
491 1119 570 1209 lite,
587 1113 704 1190 contra
722 1118 888 1208 Hispanos
910 1129 943 1190 et
968 1120 1117 1211 Ligarius
1143 1141 1221 1192 cum

190 1237 354 1330 Lipsianis
381 1239 505 1311 mixtos
534 1239 722 1311 declarandi
748 1239 815 1310 odii
839 1239 1049 1310 occasionem
1073 1241 1220 1331 arripiat,

189 1359 249 1431 His
262 1361 361 1452 igitur
375 1363 565 1453 propositis,
584 1363 1005 1446 coutroversiamtandem,
1026 1370 1083 1432 aut
1100 1363 1224 1454 magis,

98 1555 99 1560 ,
195 1488 235 1552 ut
248 1483 295 1553 ait
309 1483 395 1576 ipse,
409 1485 599 1576 palaestram
619 1485 738 1578 aperit,
753 1485 869 1577 inqua
886 1493 954 1555 tres
968 1486 1088 1555 adsunt
1102 1485 1226 1556 Palaes-

192 1603 304 1674 tritae:
324 1603 534 1701 Xenophilus
548 1607 675 1678 scilieet
702 1606 870 1698 princeps,
889 1605 989 1676 idest
1009 1605 1163 1678 obsoletae
1186 1616 1221 1678 et

189 1727 335 1798 rancidae
349 1728 533 1813 latinitatis,
553 1750 628 1821 quaa
642 1737 713 1799 tum
733 1749 821 1799 nova
844 1735 927 1811 erat,
957 1737 1109 1798 amator:
1130 1728 1219 1798 hunc

182 1857 300 1948 ¹autem
319 1849 447 1921 inducit
463 1852 650 1943 Stephanus
673 1871 763 1922 caco
780 1848 960 1944 antiquarii
976 1849 1135 1922 ammonis
1151 1870 1220 1943 pc-

187 1968 346 2041 aitissimo
369 1991 459 2064 pean
483 1969 742 2067 koeoolopcmota
765 1971 1033 2064 depromentem,
1053 1979 1091 2043 ut
1111 1971 1217 2042 risum

186 2102 332 2176 moveat,
349 2100 384 2162 et
397 2093 530 2179 eodem,
547 2095 644 2165 modo
663 2116 728 2186 quo
739 2095 900 2186 juventus
917 2094 994 2164 olim
1005 2094 1046 2164 ab
1057 2093 1219 2166 ebrietate

186 2213 427 2299 deterrebatur,
440 2217 607 2309 proposito
620 2216 717 2308 hujus
729 2217 883 2287 amentiae
899 2218 1067 2306 exemplo,
1077 2216 1220 2288 lectores

186 2355 207 2404 a
223 2356 326 2427 prava
341 2335 523 2408 imitatione
549 2345 689 2410 avertat.
708 2338 813 2422 Quem
824 2338 922 2430 juxta
935 2339 1085 2429 sequitur
1105 2338 1219 2408 Miso-

184 2443 315 2546 lraenus‚
330 2457 382 2527 vir
392 2466 507 2528 contra
520 2461 611 2529 omni
622 2460 761 2530 novitati
775 2449 939 2546 inlensuS,
954 2460 1091 2530 mundae
1099 2469 1217 2530 castae-

185 2597 251 2667 que
270 2586 371 2647 tenax
399 2578 582 2667 latinitatis,
599 2599 796 2671 semperque
812 2581 917 2650 nimia
942 2580 1103 2671 religione
1132 2580 1217 2662 diffi-

184 2698 266 2770 dens
292 2700 442 2772 orationi.
471 2699 597 2771 Eorum
623 2709 734 2772 autem
751 2701 784 2770 in
800 2701 911 2770 medio
925 2709 990 2772 stat
1007 2700 1213 2788 Coronellus,

182 2819 317 2891 faciliori
336 2822 470 2915 quidem
486 2822 635 2915 ingenio,
655 2841 720 2892 nec
734 2841 849 2892 amore
865 2842 929 2892 nec
946 2821 1020 2892 odio
1035 2843 1213 2906 aecensus,

183 2931 341 3024 necnovi
359 2945 524 3016 sermonis
549 2943 699 3015 curiosus
719 2951 777 3014 aut
793 2942 997 3034 fastidiosus,
1016 2965 1080 3016 neo
1106 2947 1215 3016 veniae

182 3067 243 3136 sihi
271 3069 468 3163 caeterisque
492 3089 628 3160 parcuS,
649 3090 748 3160 quem
769 3087 840 3142 ,non
871 3069 964 3159 piget
991 3067 1081 3163 Lipce
1105 3078 1139 3140 et
1160 3067 1216 3140 Li·

182 3186 269 3281 pura'i
286 3187 339 3285 (ᾖ)
358 3212 496 3280 nomen,
521 3191 597 3260 licet
612 3189 794 3261 Misokaeno
813 3199 1019 3282 suspectum,
1035 3210 1210 3280 usurpare.

183 3304 242 3377 llis
255 3308 360 3380 trihus
377 3311 531 3400 personis
548 3309 658 3381 lahula
676 3303 799 3401 agitur,
815 3330 883 3380 non
899 3309 1042 3400 simplex
1062 3309 1212 3400 quidem,

183 3427 242 3498 scd
268 3430 462 3522 amhagibus
481 3433 648 3504 sexcentis
665 3429 840 3524 implicita,
862 3429 1040 3522 multisque
1068 3429 1111 3500 de
1138 3429 1213 3500 Ho-

181 3570 287 3641 mero,
304 3550 430 3641 Plaoto,
447 3553 585 3644 Virgilio
608 3561 641 3624 et
660 3550 791 3640 Ouidio,
816 3550 975 3620 Cicerone
999 3559 1033 3622 et
1057 3550 1212 3624 Sallustio

178 3674 328 3766 judiciis,
345 3687 378 3749 et
389 3678 432 3749 ad
451 3677 702 3770 grammaticam
718 3673 960 3769 pertinentibus
974 3677 1211 3747 controversiis

215 3954 463 4113 lhliffiocvemo
474 4040 665 4110 iunctissima
677 4039 781 4114 dialogi
793 4043 871 4115 parta
884 4038 978 4112 agitur
992 4033 1190 4096 controversia.
