2950 4820
636 365 679 378 ..
701 329 744 396 57
768 363 811 376 ..

206 471 348 563 quilinas
368 470 499 560 linguas
517 466 651 539 civitate
674 466 805 557 donari,
826 475 859 538 et
882 466 916 536 in
934 465 1136 559 eloquentiae
1152 489 1234 540 oon·

206 593 346 664 sortium
375 591 508 677 vocari,
531 590 734 661 eruditorum
757 590 923 681 plerisque
942 590 1062 660 mirum
1080 610 1120 660 ac
1141 591 1237 661 nela-

154 733 158 740 ·
205 715 293 784 rium
303 712 490 784 videbatur.
507 711 630 781 Remus
647 719 833 781 autemnec
845 709 1068 799 clamoribus,
1084 730 1146 784 nec
1157 710 1237 781 falsa

208 835 407 906 verecundia
423 841 610 925 permotus,
627 829 754 922 dejecto
767 830 829 900 isto
848 831 1056 902 scholaslioae
1070 830 1237 920 superbiae

206 956 291 1026 vallo
305 1009 314 1046 ,
330 963 363 1027 et
376 953 470 1048 quasi
487 952 657 1043 patefactis
678 952 789 1039 ostiis,
804 953 1031 1024 recentiorum
1050 962 1238 1044 temporum

207 1077 405 1170 eloquentiae
433 1093 557 1143 novum
588 1072 700 1142 ludum
728 1081 761 1143 et
788 1083 939 1165 apertum
962 1094 1137 1164 campum,
1173 1094 1240 1165 qua

205 1201 403 1291 proflueret,
434 1194 606 1265 reserabat
623 1219 638 1280 ¹:
669 1194 881 1286 antiquorum
913 1195 1047 1288 quidem
1073 1195 1238 1278 aemulus,

207 1339 273 1388 non
285 1339 371 1400 vero¹
383 1317 499 1387 simius
516 1323 574 1385 aut
591 1299 737 1387 assecla!

255 1439 450 1510 Monetium
467 1460 542 1531 quae
560 1439 601 1509 de
619 1438 822 1510 instituendo
839 1446 972 1509 oratore
993 1439 1139 1510 maxime
1156 1459 1241 1531 pro-

208 1561 317 1630 barint
332 1559 466 1648 Cicone,
489 1559 711 1645 Quintilianus
723 1568 757 1630 et
770 1559 931 1631 Erasmus
946 1560 1041 1650 ipse,
1062 1560 1239 1632 inconlro·

205 1683 347 1754 versiam
373 1684 453 1776 agit.
480 1683 533 1753 Ex
551 1683 603 1753 his
619 1690 732 1752 autem
748 1681 907 1774 quidquid
926 1681 1007 1752 libet
1024 1682 1076 1752 vel
1098 1683 1237 1774 recipit,

206 1801 261 1871 vel
279 1813 429 1895 amputat
444 1813 477 1875 el
494 1803 624 1888 recidit,
645 1803 718 1873 sine
737 1802 825 1874 mala
844 1813 954 1872 tamen
968 1802 1160 1892 ambitione,
1177 1823 1241 1874 nec

206 1926 311 1996 otiosa
324 1928 534 2018 pugnacitate
549 1927 753 1998 disserendo.
773 1926 826 1997 Sic
839 1926 872 1996 in
886 1925 1125 1997 transferendis
1137 1905 1180 1996 av
1193 1925 1242 1996 al-

205 2058 276 2121 tera
300 2051 336 2121 in
360 2051 497 2122 alteram
517 2050 665 2141 linguam
689 2049 878 2134 sententiis,
911 2050 999 2142 quod
1028 2069 1110 2140 opus
1137 2048 1240 2120 Tullio

205 2193 350 2242 vacuum
367 2181 401 2242 et
417 2161 513 2244 inane
532 2173 639 2244 visum
653 2184 720 2260 est,
734 2173 873 2244 multum
887 2172 1018 2244 fruetus
1034 2181 1068 2244 et
1082 2171 1238 2243 momenti

205 2292 313 2382 ponit;
331 2294 366 2362 in
383 2292 535 2383 legendis
550 2289 662 2364 aulem
678 2293 798 2384 poetis,
811 2313 895 2385 quos
908 2294 1096 2384 praesertim
1105 2292 1242 2364 adoles-

206 2413 356 2485 centibus
380 2417 529 2506 praecipit
562 2415 798 2500 Quintilianus,
823 2415 1009 2487 molliorum
1034 2415 1242 2508 ingeniorum

205 2535 316 2604 studia
342 2535 428 2606 male
451 2535 606 2606 collocari
626 2536 750 2606 Remus
772 2537 962 2623 existimat,
989 2547 1039 2621 et,
1070 2536 1113 2607 ad
1129 2535 1243 2606 stilum

206 2653 432 2724 inchoandum
457 2664 491 2724 et
507 2653 772 2744 informandum,
795 2665 966 2727 oratorum
981 2656 1138 2747 epistolas
1157 2653 1242 2725 faci-

206 2775 305 2847 liores
319 2777 482 2869 primum,
501 2777 675 2869 magisque
691 2775 883 2866 familiares,
903 2777 1100 2870 anteponit:
1118 2777 1153 2847 in
1167 2776 1242 2847 imi·

205 2899 306 2971 tanda
329 2900 463 2970 demum
487 2899 655 2971 Ciceronis
679 2899 888 2992 eloquentia,
911 2920 985 2992 quac
1010 2899 1147 2971 Erasmo
1168 2921 1240 2972 ma·

207 3026 297 3095 xime
322 3034 440 3116 sponte
459 3045 519 3096 sua
542 3026 711 3117 profluens
734 3024 876 3117 ideoque
895 3025 1032 3098 minime
1057 3025 1240 3096 imitatione

207 3147 343 3220 videtur
361 3148 618 3241 consequenda,
637 3147 736 3240 longe
758 3147 854 3220 aliter
880 3149 1004 3220 sentit:
1027 3146 1149 3240 quippe
1167 3167 1242 3217 eam

208 3269 312 3338 multa
325 3277 396 3339 arte
407 3277 442 3339 et
454 3267 614 3338 industria
625 3277 788 3360 paratam,
806 3278 839 3340 et
851 3289 890 3340 eo
905 3268 1012 3358 magis
1024 3263 1240 3346 imitabilem;

210 3383 403 3490 Ciceronem
421 3388 527 3472 enim,
544 3387 646 3459 invita
667 3397 702 3460 et
718 3398 928 3480 repugnante
948 3396 1086 3472 natura,
1104 3406 1181 3458 cum
1197 3384 1243 3457 illi

208 3509 315 3598 actio,
335 3507 481 3578 maxima
496 3528 575 3598 pars
593 3508 804 3600 eloquentiae,
824 3507 988 3596 deluerit,
1005 3508 1115 3581 studio
1128 3517 1241 3580 tamen

209 3652 249 3703 ac
266 3629 379 3701 labore
400 3636 538 3700 caeteros
555 3649 672 3701 omnes
694 3630 727 3700 in
749 3631 843 3700 curia
863 3639 896 3702 et
916 3631 986 3702 foro
1011 3633 1237 3723 superavisse.

208 3753 322 3845 Neque
339 3752 395 3823 illa
411 3772 491 3824 sene
510 3760 645 3844 propter
661 3753 816 3823 invidiam
834 3753 922 3824 dicta
939 3754 1044 3826 videri
1058 3764 1196 3846 possunt
1207 3755 1243 3827 in

211 3872 424 3964 Ciceronem,
462 3895 565 3967 quem
593 3873 744 3948 laudibus
774 3883 931 3948 caeterum
958 3878 1117 3970 extollat,
1146 3878 1243 3968 cujus

211 4015 311 4088 opera
332 4008 431 4073 tot'et
446 4001 547 4072 tantis
570 3999 725 4072 ditaverit
744 3999 1011 4088 commentariis,
1030 4021 1097 4092 quo
1111 3998 1242 4071 landem

212 4117 297 4192 duce
316 4119 544 4198 adolescentes
568 4123 675 4216 prima
695 4123 893 4218 eloquentiae
915 4124 1105 4202 rudimenta
1128 4120 1238 4198 doceri
