2950 4820
585 319 763 384 ..11-

157 457 278 536 riorem
306 456 432 535 epitom
458 455 645 540 redoleret,
667 455 882 536 fastidiretur.
909 456 965 526 Sie
985 455 1185 544 DivusBer-
1250 525 1252 530 ,

156 577 298 659 nardus,
327 575 471 647 Thomas
494 577 641 662 Suetus,
660 576 811 648 maximo
838 576 894 648 illo
926 576 1046 649 Mediee
1069 577 1188 648 AEtetis

156 699 298 784 iumine,
315 699 491 792 pronihilo
506 697 618 770 baberi
642 707 832 790 coeperunt.
854 699 1034 776 Fastidium
1052 708 1185 786 autem,

157 822 313 898 uhiuiom
331 821 392 890 sibi
419 820 516 907 feeit,
536 820 633 898 iatius
659 829 773 912 serpat
794 841 933 894 neeesse
959 830 1021 891 est.
1056 821 1184 912 itaque,

157 945 210 1017 his
234 945 343 1037 primo
363 943 508 1035 rejeetis,
525 965 603 1014 mon
621 945 725 1017 etiem
752 943 1046 1034 Eeeies'rmlitatres
1068 942 1188 1016 endem

159 1066 482 1158 delibutionisjndieii
499 1065 657 1157 superbie
669 1066 910 1158 negieotiouut.
924 1065 1068 1138 Bembus
1081 1066 1186 1153 ento,

158 1189 188 1262 si
202 1189 342 1264 Tbomeo
358 1188 497 1273 Lannio‚
515 1197 674 1264 eaeterum
708 1188 808 1262 mele
822 1197 913 1264 eerto
938 1187 1080 1271 anemo„
1100 1188 1188 1278 quod

160 1310 345 1384 Germanus
374 1319 408 1381 et
432 1310 641 1392 Lutherenue
668 1311 785 1396 merit,
811 1311 959 1384 ereditur
985 1306 1053 1405 (i),
1082 1309 1189 1384 omino

162 1430 291 1506 cuidant
309 1429 466 1504 suadebat
489 1453 532 1502 ne
560 1431 633 1502 Divi
657 1431 752 1505 Pauli
772 1433 945 1522 epistoieu,
965 1430 1190 1524 quesopirto-

162 1549 284 1629 luceiae
296 1552 457 1642 vocabat,
474 1553 616 1644 legendo
635 1551 761 1623 frustra·
773 1563 914 1644 tempus
928 1563 1069 1636 tereret,
1090 1562 1123 1623 et
1137 1552 1190 1624 sui

159 1674 320 1748 sermonis
338 1686 565 1768 corrumperet
588 1676 800 1764 elegantiam.
822 1675 913 1752 idern
940 1675 1011 1758 itte,
1027 1675 1190 1750 omnibus

159 1796 274 1868 mixtis
285 1797 387 1868 saeris
404 1796 629 1886 profanisque,
645 1804 677 1864 et
695 1795 917 1866 recentiorum
933 1805 1119 1887 temporum
1137 1817 1192 1865 re·

158 1915 222 1990 bus
235 1927 270 1990 et
285 1917 485 2000 moribused
500 1926 650 2000 veterem
672 1916 803 1988 dicentii
829 1917 976 1994 habitum
1003 1917 1188 2006 expressis,

159 2037 194 2110 in
211 2036 416 2110 Venetorum
433 2037 581 2126 historie,
609 2037 706 2128 hujus
723 2037 915 2128 reipublice
930 2046 1083 2112 senatum
1099 2036 1194 2114 muu-

160 2159 218 2244 eit,
234 2159 277 2234 od
288 2159 410 2233 iulium
428 2158 841 2244 Pontifieemseribentem
860 2171 896 2238 ut
907 2156 1194 2236 Diioimmortob'»

162 2279 222 2354 bue
236 2281 380 2376 oootidot
398 2279 470 2378 (2),
491 2304 628 2378 quorum
644 2281 679 2356 io
698 2281 909 2362 orreorum
927 2281 1024 2379 poor.
1042 2282 1144 2365 Alias,
1160 2281 1195 2356 in

161 2403 301 2496 epistole
333 2426 399 2498 qua
434 2405 686 2479 Reoanatenses
725 2386 862 2478 'cotoneo
898 2406 1050 2497 inorepot
1079 2403 1191 2494 quode,

161 2526 321 2604 struendo
341 2511 581 2604 inbouretenae
598 2527 746 2616 Virginis
766 2527 928 2600 bonorem
951 2527 1105 2612 reuiiieio,
1133 2545 1196 2614 pu·

40 2744 42 2748 .
163 2646 282 2722 trident
299 2646 428 2737 iignum
442 2647 629 2730 tribuerint,
648 2667 705 2720 eus
723 2656 818 2736 rogat
842 2657 878 2718 ut
901 2647 1020 2721 melius
1047 2645 1192 2728 mittent,

166 2796 184 2832 «
201 2789 243 2845 ne
258 2777 328 2843 tum
343 2789 419 2851 nos,
438 2766 558 2860 inquit,
579 2776 649 2840 turn
669 2767 769 2840 etiem
792 2769 902 2842 Domo
913 2766 1195 2860 ipoomineniii-

163 2911 308 2982 guonem
319 2889 672 2968 inutiliumdonotione
691 2889 811 2964 lusisse
823 2889 1015 2967 videamini.
1032 2918 1052 2960 o
1069 2887 1196 2962 Omnes

164 3021 278 3090 eutem
295 3013 420 3090 summi
441 3012 607 3088 Pontificio
635 3012 769 3090 nomine
791 3012 891 3084 editoe
907 3011 1125 3103 epistoireuut
1139 3011 1196 3084 de-

81 3139 84 3143 '
164 3143 269 3218 oreta,
281 3156 381 3210 nono
398 3143 476 3210 neto
491 3135 637 3219 Christo,
652 3135 712 3208 sed
727 3135 769 3208 ob
784 3135 872 3207 Urbe
882 3135 1029 3220 condito,
1039 3133 1197 3210 idibusee

201 3367 239 3439 (1)
249 3367 346 3428 Lemnii
359 3369 448 3428 oratio
461 3373 558 3426 eontra
573 3369 695 3436 ltaliam,
707 3386 736 3442 p.
749 3365 813 3426 783.

200 3450 288 3523 Apud
306 3451 402 3522 Kouig
420 3451 504 3523 hujus
518 3451 586 3508 dieti
601 3451 678 3508 testis
688 3451 839 3507 adhibetur
851 3449 945 3524 Scipio
959 3449 1089 3518 Gentius,
1111 3448 1197 3506 Com·

165 3544 253 3596 ment.
268 3538 304 3594 ed
317 3535 406 3608 Epist.
422 3536 500 3592 Ponti
515 3536 550 3592 ad
561 3536 694 3604 Philem„
709 3553 737 3609 p.
749 3535 795 3591 tu.

201 3619 451 3692 (menoetius,
466 3618 666 3684 tib.v1‚v1net
681 3634 738 3691 seq.

200 3704 254 3762 His
267 3702 360 3761 verbis
371 3702 399 3760 in
413 3709 467 3760 oct.
482 3701 533 3757 lib.
549 3700 690 3757 Antonius
707 3699 815 3758 Minius
830 3708 941 3757 senator
956 3701 1112 3758 orationem
1125 3700 1196 3757 inei·

166 3787 227 3862 pit:
240 3788 310 3844 onii
321 3787 505 3852 immortales,
514 3785 563 3859 qui
574 3790 634 3842 noto
649 3792 676 3842 et
688 3783 871 3856 cogitationes
889 3791 998 3843 nostros
1011 3783 1195 3859 prospiciunt,

166 3870 231 3928 irati
241 3870 322 3928 nobis
332 3869 488 3944 infensique
499 3875 593 3926 sunt.»

203 3953 382 4012 Lauredonus
398 3962 493 4012 eutem
514 3953 676 4027 reipublice
690 3952 819 4028 princeps
842 3971 849 4008 ι
878 3975 894 4007 α
907 3954 1083 4012 Postremum
1100 3957 1143 4007 est
1165 3955 1197 4005 ut

167 4035 242 4094 Deos
262 4053 358 4095 onmes
375 4053 463 4108 orem,
475 4045 558 4112 teque
567 4037 596 4095 in
609 4037 718 4110 primis,
732 4035 829 4108 iioroe,
849 4036 928 4095 urbis
942 4037 1026 4108 hujns
1048 4048 1147 4108 parens
1164 4048 1196 4088 oe

168 4126 371 4177 conservator.»
