2950 4820
654 253 831 318 ..73-

226 407 374 487 tempore
387 394 513 466 dicatur
525 379 991 478 intermortuus,uivittamen
1007 389 1177 466 doctorum
1188 414 1258 466 me·

226 519 329 588 moria
347 526 380 588 et
396 516 523 596 studio,
553 514 643 590 vivit,
657 512 915 606 pulcherrimum
936 516 1113 604 praeteritae
1137 536 1257 588 monu-

225 647 371 709 mentum
385 639 514 720 aetatis,
535 646 570 708 et
590 635 708 708 iuturae
729 633 980 706 documentum.
1001 633 1155 722 Etenim,
1178 637 1257 708 dum

224 759 471 850 angustioribus
482 756 633 828 terminis
649 755 923 846 circumscriptus
944 734 1156 846 presentium
1174 768 1259 829 tem·

222 901 344 972 porum
358 879 612 951 necessitatibus
625 879 731 971 impar
745 878 799 949 ille
812 879 975 970 arguitur,
992 881 1180 952 vernaculae
1196 882 1257 953 lin·

222 1024 299 1094 guae
312 1023 399 1080 nova
416 1011 507 1093 patet
523 1002 670 1089 fortuna,
696 1021 797 1091 quam
821 998 985 1070 Henricus
1008 1000 1197 1094 Stephanus
1214 1003 1257 1073 ab

224 1125 295 1215 ipso
305 1124 425 1217 prioris
434 1123 549 1194 saeculi
557 1124 635 1207 line,
646 1123 682 1192 in
691 1122 815 1192 eximio
825 1120 921 1206 libro,
935 1121 1043 1194 luerat
1052 1124 1251 1212 auspicatus.

224 1246 286 1316 llic
306 1246 410 1335 igitur
432 1266 539 1315 novus
566 1264 678 1336 sermo
702 1243 818 1336 prioris
840 1241 931 1313 illius
955 1243 1140 1315 recedentis
1167 1246 1258 1316 vices

226 1367 368 1458 excipit,
387 1366 535 1458 vestigiis
552 1361 691 1451 insistit,
710 1375 756 1455 et,
773 1374 935 1456 occupata
961 1366 1082 1436 sensim
1099 1367 1260 1462 eloquen-

225 1489 278 1558 tiae
295 1489 482 1579 provincia,
501 1491 609 1580 palam
622 1489 822 1560 dominatur.
840 1487 901 1574 lta,
917 1487 981 1561 hac
993 1489 1066 1580 ipsa
1078 1490 1257 1561 verborum

226 1610 403 1702 religione;
419 1633 484 1705 qua
493 1611 689 1683 laborabant
701 1610 924 1693 ciceroniani,
939 1610 1089 1701 pluribus
1101 1612 1257 1682 extermi-

222 1732 308 1801 natis
322 1732 475 1814 uoaibus‚
494 1751 637 1823 quarum
651 1749 731 1801 usus
747 1729 936 1821 indigebat,
953 1733 1176 1804 recentiorum
1189 1732 1254 1803 lin·

224 1871 366 1942 guarum
380 1850 530 1922 festinata
548 1860 601 1922 est
615 1851 776 1921 accessio.

276 1972 439 2042 Praeterea
451 1971 505 2042 isti
517 1979 655 2043 tenaces
672 1981 705 2043 et
718 1972 873 2044 obstinati
893 1971 1070 2065 exquisitae
1091 1972 1259 2046 latinitatis

224 2091 366 2164 artifices
381 2094 531 2186 leporum
547 2103 580 2164 et
592 2093 765 2186 elegantiae
780 2095 918 2178 cultum,
931 2093 1030 2164 nimis
1042 2094 1258 2184 apudblediae

223 2215 340 2286 AEtatis
356 2215 446 2286 viros
460 2218 662 2307 neglectum,
681 2218 859 2290 restituere
873 2225 906 2286 et
917 2221 1012 2288 novis
1029 2216 1147 2288 litteris
1164 2218 1257 2290 addi·

223 2339 312 2408 dere.
332 2338 389 2409 llla
405 2339 494 2410 enim
509 2339 702 2410 deliciarum
714 2339 919 2426 curiositate,
930 2339 1076 2411 docuere
1090 2341 1256 2432 quomodo

223 2459 404 2530 vernacula
420 2459 548 2552 lingua,
576 2461 686 2531 adhuc
704 2462 797 2531 rudis
813 2471 846 2532 et
859 2462 1011 2552 hispida,
1031 2463 1125 2532 lieret
1139 2461 1174 2531 i'n
1188 2462 1259 2550 dies

223 2580 366 2672 politior.
385 2581 513 2673 Quippe
528 2582 595 2670 isti,
612 2603 678 2675 qno
691 2585 817 2674 saepius
832 2583 1024 2653 diilluebant
1036 2582 1258 2653 Mediaelllta-

224 2703 268 2772 tis
278 2703 350 2773 libri
356 2704 490 2796 ,ieiunae
504 2714 538 2774 et
550 2704 665 2775 elireni
679 2703 899 2795 luxuriaejam
913 2712 996 2774 tunc
1012 2713 1258 2794 anteponuntur

223 2824 1257 2917 liquidussermoniscandoretdioendisubtilitas.0mniumau-

223 2956 292 3018 tem
303 2950 465 3020 succurrit
474 2949 646 3020 memoriae
657 2943 896 3045 (l)Virgilium
907 2957 941 3020 ct
951 2948 1121 3019 Horatium
1130 2949 1253 3041 exiguo

146 3111 149 3115 -
226 3068 357 3161 quidem
371 3071 556 3143 carminum
569 3071 755 3156 volumine,
772 3091 840 3142 non
851 3071 925 3142 rudi
942 3081 975 3142 et
989 3071 1152 3164 indigesta
1170 3094 1252 3163 ope·
1281 3133 1283 3140 Α

225 3208 299 3258 rum
324 3193 425 3281 mole,
451 3215 510 3286 per
528 3214 584 3265 ora
600 3194 772 3265 hominum
794 3193 836 3263 ad
860 3202 1011 3284 posteros
1033 3193 1251 3283 pervenisse:

226 3305 314 3377 unde
330 3311 437 3400 magis
446 3311 480 3380 in
490 3313 562 3382 dies
575 3313 684 3383 sobria
698 3315 734 3382 fit
749 3321 784 3384 et
798 3313 939 3384 candida
954 3313 1068 3382 oratio.
1083 3311 1131 3382 lta
1143 3311 1190 3381 illi
1203 3311 1257 3383 Ci-

224 3429 411 3515 oeroniani,
430 3433 553 3522 saepius
566 3452 651 3502 vana
662 3432 778 3515 locuti,
795 3433 857 3502 etsi
871 3433 907 3502 in
921 3433 1028 3503 aliano
1041 3452 1171 3524 campo,
1187 3453 1254 3504 non
1281 3469 1282 3474 =

222 3550 398 3622 infecunda
410 3561 522 3623 tamen
541 3562 664 3624 nostrae
680 3554 805 3644 linguae
822 3553 954 3625 semina
971 3554 1145 3644 insevere,
1164 3556 1254 3628 unde

223 3674 380 3745 florerent
392 3675 469 3760 illae,
489 3696 567 3767 qum
585 3675 781 3748 Gallicarum
793 3677 975 3749 litterarum
995 3679 1090 3770 quasi
1109 3680 1253 3770 propriae

260 3961 297 4033 (l)
309 3962 345 4019 V.
361 3962 479 4021 Balracii
492 3963 529 4019 ad
540 3961 715 4036 Capelanum
728 3962 877 4036 epistolam
890 3979 897 4016 ε
918 3982 933 4014 u
944 3966 1008 4033 pu'it
1021 3966 1087 4019 o'ost
1096 3979 1149 4033 par
1161 3966 1252 4033 porra·-

224 4049 263 4100 bto
274 4048 380 4102 d'doa'rc
393 4050 526 4118 beaucoup
539 4056 563 4103 ot
574 4050 604 4102 da
616 4048 675 4103 bien
688 4049 778 4104 tertre.
787 4067 803 4098 n
